2144 3808
573 351 643 390 nu
684 348 1005 403 nmium,
1051 350 1161 391 mn.
1213 350 1336 391 uu.
1743 331 1864 404 405

125 441 328 514 justuS,
352 455 412 492 ex
425 454 486 492 ea
505 432 680 492 forma
695 445 748 491 et
765 431 989 489 veritate
1010 429 1282 508 diligitur,
1312 452 1481 512 quam
1508 433 1684 492 cernit
1703 446 1755 492 et
1781 435 1865 492 in·

131 523 327 600 telligit
356 520 504 603 apud
541 520 705 579 seille
727 521 825 602 qui
847 518 1055 595 diligit:
1091 519 1210 600 ipsa
1239 540 1366 578 vero
1388 518 1561 578 forma
1590 534 1645 579 et
1673 521 1870 580 veritas

130 632 244 670 non
269 624 348 670 est
379 608 659 691 quomodo
698 607 918 667 aliunde
941 607 1219 685 diligatur.
1265 610 1454 689 'Neque
1476 607 1622 666 enim
1650 608 1868 667 inveni-

128 721 251 758 mus
278 697 489 780 aliquid
513 697 617 756 tale
647 710 845 778 praeter
869 697 1072 777 ipsam,
1099 708 1159 754 ut
1181 717 1298 754 eam
1327 718 1452 754 cum
1485 696 1762 773 incognita
1787 708 1868 774 est

131 787 403 847 credendo
421 786 733 862 diligamuS,
758 807 818 843 ex
837 807 899 844 eo
919 785 1068 867 quod
1085 790 1201 861 jain
1232 785 1335 843 tale
1357 784 1566 865 aliquid
1591 785 1860 844 novimus,

133 876 425 958 Quidquid
461 876 607 933 enim
643 874 748 932 tale
786 876 1078 954 aspexeriS,
1102 874 1218 956 ipsa
1250 887 1359 931 est:
1393 887 1449 931 et
1472 895 1581 930 non
1605 887 1684 931 est
1700 872 1872 954 quid-

132 985 299 1045 quam
323 964 451 1034 tale,
473 962 733 1043 quoniam
760 962 870 1020 sola
889 962 1005 1043 ipsa
1023 961 1149 1020 talis
1173 975 1277 1031 est,
1302 960 1479 1042 qualis
1497 961 1611 1040 ipsa
1632 974 1728 1021 est.
1755 959 1870 1031 Qui

131 1073 256 1128 ergo
286 1065 433 1110 amat
459 1051 730 1121 homineS,
760 1064 855 1109 aut
883 1051 1010 1131 quia
1032 1050 1167 1127 justi
1189 1064 1340 1121 sunit,
1377 1063 1473 1108 aut
1496 1062 1557 1108 ut
1575 1050 1709 1127 justi
1735 1049 1866 1120 sint,

135 1162 314 1200 amare
342 1140 523 1200 debet.
566 1140 657 1201 Sic
687 1140 830 1197 enim
864 1153 917 1198 et
952 1141 1297 1220 semetipsum
1330 1161 1513 1197 amare
1541 1139 1705 1196 (lebet
1727 1185 1742 1208 ‚
1776 1149 1874 1196 aut

130 1230 262 1311 quia
287 1234 469 1307 justus
499 1242 602 1300 est,
639 1242 733 1287 aut
761 1242 821 1287 ut
847 1232 1030 1306 justus
1059 1229 1128 1286 sit
1161 1251 1175 1286 ε
1204 1229 1280 1286 sic
1311 1229 1454 1286 enim
1485 1228 1664 1303 diligit
1693 1226 1876 1308 proxi-

131 1339 286 1376 mum
312 1331 570 1398 tanquam
602 1338 655 1375 se
679 1317 859 1397 ipsum
885 1317 998 1374 sine
1027 1317 1140 1374 ullo
1157 1316 1421 1397 periculo,
1462 1316 1570 1388 Qui
1595 1315 1738 1374 enim
1767 1314 1873 1372 ali-

134 1418 215 1465 ter
242 1428 296 1464 se
322 1406 523 1482 diligit,
544 1407 744 1482 injuste
773 1427 826 1464 se
857 1405 1058 1482 diligit,
1091 1407 1350 1487 quoniam
1379 1426 1434 1463 se
1456 1405 1525 1462 ad
1557 1404 1665 1462 hoc
1695 1402 1876 1479 diligit

134 1507 198 1553 ut
218 1495 287 1553 sit
307 1494 540 1571 injustus
569 1516 583 1551 ε
611 1494 677 1552 ad
705 1494 814 1552 hoc
850 1516 977 1570 ergo
1004 1509 1064 1552 ut
1094 1495 1163 1552 sit
1187 1494 1381 1564 maIUS,
1415 1515 1478 1552 ac
1507 1515 1605 1573 per
1625 1493 1736 1551 hoc
1754 1497 1874 1569 jam

133 1603 246 1640 non
276 1603 327 1640 se
353 1582 547 1658 diligit.
587 1608 613 1635 c<
645 1581 758 1654 Qui
788 1582 934 1641 enim
962 1582 1142 1659 diligit
1175 1583 1551 1664 iniquitatem,
1587 1581 1706 1640 odit
1750 1580 1875 1640 ani-

135 1698 162 1725 »
192 1692 339 1730 mam
364 1692 517 1729 suam
540 1669 582 1730 1.
608 1697 635 1725 »

216 1761 286 1819 X.
336 1759 691 1839 Quapropter
729 1781 840 1817 non
883 1773 961 1818 est
998 1760 1282 1842 praecipue
1319 1760 1620 1820 videndum
1661 1760 1718 1818 in
1761 1759 1871 1818 hac

136 1848 459 1928 quaestione,
491 1870 619 1929 quae
643 1848 711 1906 de
726 1850 995 1907 Trinitate
1023 1851 1182 1908 nobis
1199 1864 1300 1921 est,
1333 1864 1387 1909 et
1404 1850 1472 1908 de
1495 1849 1872 1926 cognoscendo

137 1939 276 2009 De0‚
308 1937 411 1995 nisi
433 1937 568 2017 quid
585 1937 794 1995 sitvera
822 1938 1065 2011 dilectio,
1095 1938 1207 1996 imo
1226 1961 1350 1997 vero
1377 1939 1511 2019 quid
1535 1939 1603 1996 sit
1623 1938 1864 1998 dilectio,

138 2027 217 2084 Ea
244 2027 454 2107 quippe
481 2026 701 2085 dilectio
741 2027 974 2085 dicenda
1010 2042 1121 2098 est,
1164 2050 1289 2108 qua-3
1322 2051 1446 2088 vera
1475 2042 1585 2096 est3
1628 2027 1873 2109 alioquin

139 2115 414 2196 cupiditas
437 2128 516 2173 est
539 2138 554 2173 ι
584 2116 836 2197 atqueita
859 2118 1052 2197 cupidi
1083 2118 1306 2176 abusive
1334 2118 1599 2175 dicuntur
1621 2117 1870 2192 diligere,

139 2203 600 2284 quemadmodum
651 2227 852 2285 cupere
892 2206 1116 2263 abusive
1169 2196 1435 2264 dicuntur
1478 2206 1576 2286 qui
1612 2205 1870 2281 diligunt.

140 2292 276 2351 Haec
305 2306 383 2351 est
419 2307 597 2351 autem
621 2316 745 2351 vera
767 2293 1011 2363 dilectio,
1042 2307 1102 2352 ut
1133 2295 1463 2353 inhaerentes
1495 2294 1709 2353 veritati
1731 2306 1879 2369 juste

140 2382 386 2440 vivamus
407 2403 421 2438 ε
446 2394 497 2439 et
514 2382 637 2440 ideo
654 2396 1065 2441 contemnamus
1086 2384 1267 2442 onmia
1289 2383 1536 2441 mortalia
1554 2404 1672 2463 prae
1693 2403 1877 2440 amore

138 2469 455 2540 hominum,
486 2492 596 2550 quo
620 2493 708 2529 eos
731 2471 1146 2548 volumus'juste
1165 2473 1334 2531 vivre.
1367 2474 1450 2530 lta
1477 2472 1619 2530 enim
1646 2484 1699 2529 et
1733 2471 1875 2529 mori

136 2579 240 2639 pro
267 2558 529 2617 fratribus
549 2560 755 2618 utiliter
779 2561 954 2640 parati
982 2582 1092 2619 esse
1106 2561 1431 2641 poterimUS,
1466 2559 1616 2640 quod
1637 2581 1734 2617 nos
1766 2560 1881 2616 Do-

136 2646 487 2705 minusJesus
510 2648 764 2707 Christus
777 2648 1023 2729 exemplo
1053 2671 1150 2707 suo
1182 2649 1390 2708 docuit.
1423 2648 1566 2706 Cum
1600 2648 1742 2705 enim
1764 2646 1879 2705 duo

135 2748 415 2815 praecepta
445 2735 551 2793 siut
582 2736 639 2794 in
669 2737 874 2816 quibus
905 2750 1018 2795 tota
1050 2740 1158 2795 Lex
1183 2736 1387 2818 pendet
1409 2750 1462 2795 et
1495 2736 1872 2816 Prophetas&

137 2822 358 2882 dilectio
389 2823 489 2881 Dei
518 2837 570 2881 et
600 2824 822 2883 dileetio
851 2827 1120 2905 proximi3
1166 2849 1274 2884 non
1309 2826 1580 2883 immerito
1626 2824 1879 2905 plerum-

137 2932 245 2993 que
267 2912 551 2997 Seriptura
572 2935 675 2993 pro
704 2927 936 2994 utroque
959 2936 1130 2971 unum
1151 2916 1309 2994 ponit
1340 2937 1353 2971 ε
1381 2914 1490 2973 sive
1515 2926 1727 2971 tantum
1747 2913 1874 2983 Dei,

139 3001 301 3058 sicuti
344 3014 423 3058 est
466 3001 645 3059 illud:
681 3029 708 3056 «
741 3004 954 3072 Scimus
984 3004 1247 3083 quoniam
1297 3002 1651 3078 diligentibus
1698 3005 1881 3059 Deum

136 3115 164 3143 >›
188 3089 370 3147 omnia
390 3105 758 3168 cooperantur
780 3091 837 3147 in
863 3092 1071 3149 bouum
1092 3091 1133 3151 3.
1172 3120 1196 3145 ›)
1216 3093 1286 3149 Et
1307 3092 1502 3149 iteruin
1531 3113 1544 3148 ι
1575 3117 1602 3144 (ε
1622 3089 1884 3169 Quisquis

138 3204 166 3233 ›>
197 3191 375 3238 autem
401 3177 580 3254 diligit
614 3179 811 3251 Deum,
843 3179 940 3238 hic
961 3182 1213 3256 cognitus
1245 3193 1323 3239 est
1356 3181 1425 3238 ab
1447 3178 1580 3238 mot.
1618 3201 1633 3236 ε
1675 3205 1697 3230 ι)
1719 3191 1772 3235 et
1795 3177 1870 3235 il-

202 3286 216 3314 ¹
243 3285 344 3329 Psal.
371 3300 415 3337 x,
434 3287 474 3327 6.
494 3283 587 3316 ...2
610 3283 757 3328 Matih.
777 3299 880 3342 κιαι,
903 3295 968 3335 4ο.
991 3284 1080 3320 ——3
1096 3291 1217 3334 Rom.
1242 3301 1331 3338 vm,
1352 3288 1420 3331 28.
1438 3307 1494 3317 —
1515 3283 1533 3313 ⁴
1558 3301 1571 3326 x
1595 3288 1689 3326 Cor.
1712 3297 1807 3338 vm,
1831 3286 1873 3326 3.
