2144 3808
314 336 389 398 90
849 338 893 375 s.
948 335 1252 376 ‘incusum
1298 336 1551 377 Erlscom

314 419 517 500 pariter
543 418 816 477 credimus
841 440 855 477 ε
882 419 1104 478 servasti
1135 440 1338 478 morem
1366 434 1553 493 tuum,
1575 422 1666 482 sed
1686 423 1827 484 nihil
1849 426 1953 486 tibi
1976 426 2046 487 ad

313 508 416 567 ista
445 507 795 590 respondens,
831 509 991 566 etiam
1025 529 1124 584 ego
1154 530 1309 567 servo
1331 511 1661 590 promissum
1695 534 1896 574 meum.

395 597 494 656 IX
537 608 580 654 1⁰
588 598 716 655 ,De
742 595 1008 655 invisibili
1031 596 1169 655 Filio
1202 618 1327 655 cum
1366 619 1674 674 agereinuS‚
1707 622 1872 701 quern
1906 618 2046 662 cou-

314 685 520 745 sensisti
544 706 652 742 esse
673 684 1003 743 invisibilem
1033 684 1334 743 secundum
1361 685 1728 760 divinitatem,
1770 691 1866 770 qui
1890 690 2048 771 prius

310 774 486 834 solum
519 778 735 832 Patrem
759 773 1093 834 invisibilem
1116 795 1226 832 esse
1240 795 1688 856 praesumpseraS‚
1714 775 1784 835 ad
1802 799 1917 837 rem
1933 801 2047 839 nou

311 862 638 944 pertinentia
666 863 840 921 multa
859 862 1038 921 dixisti
1063 862 1132 921 de
1158 863 1530 922 invisibilibus
1555 866 1860 924 creaturis·
1890 867 2049 948 quod

313 966 575 1034 poterunt
595 951 850 1028 judicare
878 953 1238 1034 quilegerint.
1261 953 1343 1011 De
1363 953 1628 1013 invisibili
1647 958 1765 1014 Deo
1786 955 1927 1015 inter
1950 978 2050 1016 nos

312 1042 525 1118 agitur:
558 1055 611 1100 et
634 1042 742 1100 hoc
771 1055 850 1100 est
876 1041 1029 1123 quod
1054 1043 1414 1123 quaestionem
1433 1041 1586 1124 facit,
1614 1042 1746 1125 quia
1774 1066 1870 1104 vos
1897 1043 2049 1104 invi-

309 1129 523 1188 sibilem
552 1130 727 1190 solum
749 1126 970 1189 Patrem
989 1129 1199 1189 dietum
1224 1130 1456 1212 putatiS‚
1491 1131 1592 1191 ubi
1625 1132 1918 1213 Apostolus
1939 1132 2044 1191 ait:

311 1244 337 1271 c<
355 1220 683 1291 Immortali‚
711 1219 974 1279 invisibili
1008 1219 1108 1278 soli
1130 1220 1313 1279 Deo.
1270 1219 1294 1258 1
1347 1246 1373 1273 »
1397 1220 1455 1279 Si
1474 1219 1713 1291 dixisset,
1741 1221 1841 1280 soli
1862 1221 2043 1279 Patri·
2029 1265 2046 1289 ‚

309 1306 586 1393 difficilius
607 1308 831 1367 fortasse
874 1310 1106 1408 quaestio
1151 1309 1484 1368 solveretur.
1528 1311 1664 1391 quia
1712 1332 1840 1370 vero
1865 1310 2044 1368 dixit·

310 1423 338 1451 α
370 1397 484 1455 Soli
521 1399 666 1466 Deo;
694 1425 720 1451 >³
761 1419 873 1456 non
902 1411 981 1456 est
1010 1389 1197 1478 utique
1240 1411 1433 1456 contra
1463 1419 1607 1456 nos:
1644 1411 1698 1457 et
1726 1398 2050 1475 Unigenitus

310 1485 521 1566 quippe
547 1486 607 1544 in
643 1487 743 1544 Dei
777 1486 978 1558 forma,
1026 1499 1078 1544 et
1104 1485 1344 1566 Spiritus
1385 1499 1606 1546 sanctus
1633 1487 1692 1545 in
1729 1508 1825 1545 sua
1851 1499 2050 1545 natura

309 1587 388 1633 est
409 1574 715 1637 invisibilis.
751 1576 905 1634 Unus
925 1576 1071 1634 enim
1096 1589 1150 1634 et
1177 1575 1321 1634 solus
1339 1576 1485 1634 Deus
1514 1599 1543 1635 a
1563 1561 1731 1635 bobis
1767 1577 1885 1656 ipsa
1915 1574 2049 1634 Tri-

308 1662 451 1726 nitas
475 1663 834 1743 praedicatur.
876 1664 1043 1737 Quod
1073 1677 1262 1723 utrum
1297 1685 1487 1723 verum
1515 1665 1815 1744 sapiamm,
1842 1664 1900 1722 in
1934 1663 2050 1724 aliis

306 1750 440 1816 locis
468 1774 497 1810 a
520 1753 682 1811 nobis
702 1766 781 1812 est
812 1753 1243 1813 demonstratum
1264 1756 1279 1826 ,’
1313 1767 1368 1813 et
1388 1754 1486 1812 ubi
1508 1753 1692 1813 adbuc
1704 1774 1843 1834 opus
1854 1751 2045 1824 fuerit,
2087 1816 2091 1817 ff

307 1839 793 1902 demonstrabitur.
850 1842 1067 1902 Nunc
1053 1842 1242 1901 mista
1280 1842 1586 1923 quaestione
1628 1863 1738 1900 non
1772 1842 2048 1901 immerito

307 1942 489 2011 potest
510 1952 750 2001 movere,
776 1926 1054 2012 quomodo
1077 1930 1146 1989 de
1173 1930 1288 1989 solo
1313 1932 1426 1989 Deo
1454 1930 1554 2013 qui
1583 1943 1663 1989 est
1690 1931 1823 2012 ipsa
1857 1929 2048 1988 Trini-

310 2031 414 2090 tas,
448 2018 659 2078 dictum
689 2019 793 2077 sit.
828 2018 1147 2078 «Invisibili
1183 2018 1283 2077 soli
1323 2021 1484 2076 Deo:
1515 2046 1541 2073 ›>
1585 2039 1714 2077 cum
1767 2016 1838 2078 sit
1881 2017 2049 2076 etiam

308 2106 563 2186 quaedam
589 2107 881 2166 invisibilis
909 2119 1186 2175 creatura3
1215 2119 1446 2188 propter
1465 2106 1617 2188 quod
1643 2106 1858 2166 dictum
1881 2118 1962 2163 est
1979 2104 2048 2164 de

311 2194 554 2267 Christo,
588 2197 719 2277 quia
746 2197 804 2256 in
832 2190 1200 2278 ipso‘condita
1223 2209 1350 2254 sunt
1371 2196 1578 2267 omnia,
1609 2194 1850 2255 visibilia
1877 2206 1931 2252 et
1953 2193 2039 2252 in-

302 2283 559 2345 visibilia.
600 2286 746 2358 Quia
775 2307 902 2362 ergo
950 2299 1076 2344 sunt
1105 2285 1184 2344 dii
1212 2284 1335 2343 falsi
1361 2284 1633 2357 visibiles„
1677 2283 1803 2343 ideo
1833 2281 2046 2341 dictum

309 2386 387 2431 est
412 2396 470 2448 ;<‹
493 2374 767 2433 Invisibili
799 2374 899 2433 soli
919 2379 1038 2433 Deo
1054 2375 1237 2434 honor
1257 2388 1310 2433 et
1331 2374 1502 2451 gloria
1531 2374 1579 2447 2,
1607 2400 1633 2426 ›>
1662 2373 1780 2433 Etsi
1806 2372 1951 2431 enim
1968 2384 2048 2430 est

307 2475 556 2521 creatura
588 2460 881 2522 invisibilis
922 2486 1034 2523 non
1060 2477 1242 2522 tamen
1291 2463 1426 2523 deus
1455 2463 1618 2526 nobis
1645 2475 1741 2523 est.
1796 2460 1905 2520 Sed
1929 2473 1981 2518 et
2000 2459 2047 2518 si

307 2573 415 2611 non
448 2552 658 2612 dictum
686 2568 820 2612 esset
849 2576 863 2611 t
898 2580 923 2607 <‹
948 2553 1062 2612 Soli
1085 2558 1203 2612 Deo
1229 2578 1243 2622 3
1273 2581 1296 2607 »
1321 2553 1414 2612 sed
1436 2553 1645 2612 dictum
1669 2563 1835 2610 esset:
1859 2576 1886 2603 «
1907 2549 2046 2625 Regi

304 2667 332 2694 >³
360 2655 538 2701 autem
582 2643 944 2711 saeculorum,
993 2642 1325 2714 immortali,
1367 2640 1633 2700 invisibili
1665 2638 1765 2698 soli
1791 2639 1972 2697 honor
1993 2650 2046 2696 et

307 2757 334 2785 2>
366 2730 610 2806 gloria-⁹2:
645 2760 671 2787 >2
702 2733 825 2814 quis
855 2732 958 2792 nisi
986 2733 1129 2789 Deus
1151 2730 1310 2790 esset!
1372 2728 1566 2788 Honor
1608 2750 1736 2805 ergo
1772 2740 1825 2785 et
1874 2726 2045 2803 gloria

309 2820 408 2883 soli
440 2825 582 2894 Deo,
609 2823 706 2905 qui
732 2828 881 2882 Deus
911 2820 1201 2881 invisibilis
1223 2832 1332 2892 est,
1360 2840 1471 2878 non
1491 2819 1589 2901 qui
1617 2817 1761 2878 solus
1788 2815 2045 2877 invisibi—

305 2908 372 2967 lis
396 2931 410 2966 ε
443 2912 702 2989 quoniam
723 2925 821 2983 est,
851 2924 912 2970 ut
933 2910 1190 2981 diximus,
1221 2921 1275 2967 et
1298 2921 1545 2968 creatura
1569 2905 1878 2967 invisibilis,
1906 2905 2043 2962 Item

305 2998 483 3080 quaeri
504 3012 684 3079 potest
702 2999 981 3081 quomodo
1001 2999 1210 3057 dictum
1231 2998 1299 3056 sit
1326 3020 1382 3054 z«
1408 3001 1587 3055 Deum
1606 3017 1764 3055 nemo
1784 2992 1923 3053 vidit
1943 3013 2042 3051 un-

308 3114 334 3142 »
364 3109 530 3170 quam
560 3087 582 3125 [⁸
608 3110 621 3147 z
649 3115 675 3142 >2
706 3110 832 3149 cum
863 3089 1105 3165 ejusdem
1152 3087 1378 3147 Domini
1420 3086 1587 3145 verba
1631 3085 1760 3155 sint,
1815 3081 2043 3142 Nescitis
2101 3160 2102 3163 Ἴ

321 3231 330 3238 ‘
366 3214 387 3247 ⁴
412 3209 560 3262 tssTim.
592 3230 622 3266 ι,
652 3226 718 3267 ¹7·
749 3237 796 3249 —-
824 3213 1012 3258 2Cbloss.
1041 3217 1166 3270 r,16.
1195 3212 1286 3246 ...3
1316 3231 1327 3256 ι
1366 3213 1473 3257 Tim.
1496 3229 1526 3267 r,
1558 3224 1626 3263 ¹7.
1653 3235 1708 3242 --
1728 3207 1745 3239 ⁴
1767 3212 1891 3251 Joan.
1916 3221 1946 3257 t,
1970 3203 2037 3249 28.
