2144 3808
370 358 596 401 CONTRA
639 356 972 398 MAXIMINUM
1017 355 1298 410 Ammon,
1346 361 1457 399 mn.
1511 364 1547 400 1.
1766 345 1840 421 67

111 439 198 499 bis
217 439 560 512 meisvaddidi
575 438 1004 520 disputationem
1030 485 1045 508 ‚
1064 438 1134 497 in
1164 460 1274 520 qua
1301 441 1568 498 rationem
1592 441 1831 509 reddidi,

112 549 280 609 quare
327 525 494 589 Filius
521 549 650 587 cum
700 527 769 586 sit
813 527 965 603 Patri
993 527 1218 608 aequalis
1237 574 1251 598 ‚
1290 527 1442 586 dicat
1484 549 1609 586 eum
1652 542 1836 588 tamen

111 617 290 675 Deum
309 634 490 688 suum,
521 616 620 675 ubi
644 615 718 674 ait
745 637 759 673 :
793 641 820 669 ‹<
850 616 1100 674 Ascendo
1131 615 1200 675 ad
1230 617 1448 673 Patrem
1485 638 1665 673 meum
1689 630 1742 674 et
1772 618 1842 675 ad

114 733 140 778 >3
181 707 400 765 Patrem
438 719 710 775 vestrum,
744 705 920 762 Deum
950 694 1140 764 meum'
1161 718 1214 763 et
1244 705 1418 763 Deum
1457 717 1696 763 vestrum
1731 703 1773 763 1.
1809 732 1837 759 »

113 794 392 866 Quoniam
416 807 478 852 tu
498 807 1019 863 commemoraveras
1041 792 1153 850 hoc
1175 791 1574 868 Evangelicum
1605 792 1848 849 testimo-

110 882 286 954 nium,
316 903 426 963 quo
450 896 501 940 te
522 882 761 963 probare
789 881 1136 949 existimasti3
1164 880 1318 962 quod
1346 881 1523 939 Patris
1544 880 1710 938 Filius
1733 902 1844 939 non

110 983 242 1041 esset
283 969 524 1051 aequalis,
574 971 689 1047 Ego
717 970 899 1052 itaque
925 968 1030 1028 tibi
1075 969 1147 1028 ad
1184 970 1286 1029 ista
1328 969 1683 1050 respondem,
1733 969 1846 1027 dixi

0 1125 3 1133 ,Υ
111 1060 329 1130 Patrem
348 1072 641 1140 propterea
665 1058 827 1118 etiam
862 1061 1039 1118 Deum
1061 1080 1171 1117 esse
1211 1059 1478 1135 unigeniti
1501 1057 1646 1128 Filii,
1686 1078 1834 1137 quo-

109 1147 258 1206 niam
281 1147 458 1208 sactus
484 1162 563 1207 est
607 1147 777 1206 homo
825 1161 879 1206 et
928 1160 1086 1206 natus
1116 1167 1176 1206 ex
1202 1147 1432 1207 foemina
1460 1169 1474 1204 ε
1516 1159 1570 1205 et
1592 1146 1702 1204 hoc
1733 1167 1843 1203 esse

109 1235 260 1315 quod
285 1236 421 1296 dicit
438 1236 497 1296 in
519 1236 760 1308 PsalmO,
795 1236 895 1295 ubi
923 1236 1072 1317 quod
1095 1235 1347 1295 futurum
1375 1235 1550 1294 fuerat
1578 1255 1842 1315 praenun-

110 1318 267 1384 tiavit
284 1348 299 1383 z
319 1352 345 1379 c<
364 1327 445 1384 De
469 1339 656 1385 ventre
680 1327 866 1384 matris
890 1347 1027 1384 meae
1046 1327 1189 1384 Deus
1212 1347 1362 1384 meus
1375 1346 1429 1383 es
1449 1325 1526 1382 tui
1546 1325 1567 1361 2
1588 1350 1602 1392 ;
1623 1352 1646 1377 υ
1673 1337 1734 1381 ut
1754 1346 1838 1381 os-

109 1412 355 1478 tenderet
382 1416 601 1473 Patrem
621 1413 757 1472 hinc
771 1435 880 1471 esse
911 1415 1083 1475 Deum
1103 1435 1284 1484 suum,
1312 1413 1444 1494 quia
1467 1412 1636 1470 homo
1661 1411 1839 1470 factus

112 1513 208 1566 est.
247 1501 429 1559 Homo
451 1502 596 1560 enim
618 1500 687 1559 de
715 1514 901 1560 ventre
922 1501 1108 1559 matris
1139 1514 1218 1559 est
1239 1514 1421 1570 natm,
1454 1513 1507 1558 et
1539 1499 1840 1558 secundum

104 1589 386 1649 hominem
408 1590 476 1648 de
502 1590 710 1665 virgine
739 1603 898 1648 natus
915 1602 994 1648 est
1024 1591 1168 1648 Deus
1201 1603 1298 1647 :ut
1328 1611 1440 1647 non
1471 1589 1648 1646 solum
1673 1590 1835 1647 Pater

20 1704 24 1714 >
106 1678 188 1739 illi
207 1693 341 1738 esset
360 1679 458 1760 qui
479 1679 605 1737 eum
626 1677 694 1736 de
719 1699 771 1735 se
797 1678 916 1759 ipso
940 1675 1531 1754 genuitsverum'etiam
1554 1679 1700 1734 Deus
1722 1681 1837 1751 eJ‘us

107 1781 242 1826 esset
285 1789 450 1849 quem
474 1766 542 1825 de
576 1779 765 1827 ventre
803 1766 991 1825 matris
1014 1764 1296 1825 hominem
1327 1765 1548 1825 creavit.
1589 1764 1675 1823 Ad
1712 1765 1836 1823 haec

109 1869 170 1916 tu
217 1878 345 1916 cum
395 1855 722 1938 respondere
771 1856 1030 1916 voluisses
1051 1902 1067 1929 ,
1116 1855 1291 1915 multa
1333 1854 1537 1927 dixisti,
1569 1867 1622 1912 et
1661 1854 1838 1912 multa

108 1943 415 2006 testimonia
441 1967 566 2027 quae
586 1958 637 2004 te
654 1945 798 2005 nihil
820 1945 1086 2022 adjuvant
1103 1945 1400 2028 protulisti.
1435 1941 1729 2016 Quomodo
1753 1956 1842 2001 ta-

108 2036 234 2094 men
277 2032 490 2094 dictum
522 2035 590 2094 sit
615 2057 629 2092 ε
659 2061 685 2088 «
713 2035 794 2093 De
833 2048 1019 2094 ventre
1045 2035 1233 2093 matris
1261 2054 1399 2092 meae
1423 2032 1571 2090 Deus
1600 2052 1752 2090 meus
1785 2053 1839 2088 es

109 2149 136 2176 ›>
169 2135 229 2182 tu
258 2144 321 2180 ε»
348 2123 614 2201 Quamvis
652 2122 842 2181 eadem
851 2122 1173 2224 Scripturee
1201 2134 1403 2180 sanctae
1431 2120 1599 2180 verba
1620 2140 1834 2177 memo—

3 2277 14 2292 ]
109 2231 295 2284 rasseS‚
315 2210 468 2271 nullo
495 2211 695 2271 modo
680 2213 923 2271 invenire
941 2211 1189 2310 potuisti.
1203 2212 1319 2270 Cur
1347 2222 1525 2268 autem
1548 2209 1606 2266 in
1622 2230 1684 2266 eo
1711 2208 1836 2266 loco

105 2301 351 2379 posueris
369 2299 572 2359 Psalmi
600 2299 817 2359 alterius
842 2299 1251 2385 testimonium,
1280 2298 1379 2357 ubi
1424 2297 1694 2377 scriptum
1711 2308 1823 2353 est.

109 2413 137 2440 ε(
159 2388 369 2446 Tecum
389 2388 727 2468 principium
768 2389 827 2447 in
852 2388 941 2447 die
977 2378 1194 2457 virtutis
1222 2401 1332 2446 tuae
1368 2387 1428 2445 in
1450 2383 1838 2466 splendoribus

109 2501 138 2529 »
160 2489 496 2546 sanctorum,
521 2498 582 2535 ex
606 2490 760 2535 utero
778 2490 900 2534 ante
922 2475 1213 2535 luciferum
1228 2475 1391 2552 genui
1416 2472 1508 2532 te³
1530 2495 1544 2531 ε
1571 2501 1597 2526 2>
1616 2473 1839 2531 omnino

109 2585 222 2624 non
248 2564 425 2625 video,
455 2566 580 2624 Non
598 2566 743 2624 enim
765 2565 902 2635 Filii*
933 2582 1163 2645 persona
1195 2577 1273 2622 est
1305 2562 1558 2632 dicentiS‚
1592 2583 1652 2619 ex
1684 2573 1840 2618 utero

110 2664 229 2725 tuo,
264 2666 380 2726 aut,
406 2655 488 2711 De
517 2666 705 2713 ventre
730 2666 849 2725 tu0,
884 2653 1030 2711 Deus
1050 2672 1199 2711 meus
1221 2673 1275 2709 es
1300 2663 1380 2710 tu.
1420 2649 1522 2708 llla
1547 2647 1839 2707 ineffabilis

111 2741 382 2817 generatio
416 2741 629 2801 etiamsi
654 2763 716 2801 ex
742 2755 899 2821 utero
926 2742 1104 2800 Patris
1127 2739 1420 2821 accipitur,
1441 2739 1551 2797 hoc
1572 2737 1842 2814 significa-

10 2834 17 2843 “
111 2841 230 2886 tum
263 2827 362 2900 est,
394 2833 526 2910 quia
550 2829 617 2888 de
645 2851 698 2888 se
723 2830 867 2911 ipso,
894 2829 1005 2888 hoc
1028 2834 1127 2900 est,
1157 2829 1225 2888 de
1248 2828 1555 2888 substantia
1578 2848 1672 2884 sua
1697 2826 1840 2883 Deus

111 2917 292 2977 Deum
321 2918 534 2994 genuit3
576 2920 718 2978 sicut
748 2941 806 2977 ex
837 2932 990 2977 utero
1040 2918 1228 2976 matris
1270 2916 1494 2999 quando
1537 2928 1836 3003 natusest,

110 3004 280 3081 homo
310 3006 590 3064 hominem
619 3006 847 3083 genuit.
886 3020 947 3066 ut
966 3006 1432 3107 intelligeremus
1416 3017 1724 3084 inutraque
1753 3025 1839 3080 ge-

110 3095 386 3155 neratione
413 3117 523 3154 non
545 3095 780 3163 diversas
791 3101 906 3173 ejus
930 3109 1119 3178 quiest
1140 3110 1320 3169 natm,
1346 3109 1605 3156 eteorum
1630 3093 1697 3152 de
1719 3094 1839 3174 qui-

8 3192 33 3246 f?
108 3183 216 3245 bus
236 3199 316 3244 est
340 3198 524 3258 natm,
556 3206 665 3245 esse
686 3186 1027 3246 substantias,
1063 3187 1288 3247 Diversa
1315 3185 1543 3269 quidem
1576 3184 1836 3243 substan-

2 3151 29 3381 {i
170 3288 186 3315 ¹
217 3286 1346 3340 Joan.xx,17.—2Psa1.xx1,11.-³1dc1x‚3.

1631 3355 1702 3414 5:
1746 3354 1753 3360 ’

6 3427 32 3458 j*
