2144 3808
616 356 685 393 m:
719 351 1045 406 mmmmm,
1093 353 1205 394 mn.
1255 355 1334 396 v1.
1710 327 1830 401 355·

104 453 221 500 tum
241 454 320 499 est
347 453 409 499 ut
436 440 513 498 sic
536 439 899 514 intelligatur,
939 436 1218 510 Verbum,
1250 437 1402 518 quod
1445 439 1591 499 soliis
1621 455 1699 500 est
1730 443 1828 501 Fi*
1910 451 1915 453 ’

103 528 238 599 lius,
287 542 399 587 erat
434 527 585 608 apud
625 529 804 586 Deum
826 573 840 598 ‚
880 525 1033 607 quod
1063 546 1178 583 non
1210 526 1359 586 solus
1385 539 1465 586 est
1501 532 1698 603 Pater,
1734 531 1827 590 sed

104 618 267 675 Pater
297 630 349 675 et
377 616 545 674 Filius
569 615 732 675 simul
761 614 924 674 Deus,
965 613 1071 674 Sed
1105 614 1244 696 quid
1265 616 1468 675 mir-uin·
1487 662 1500 689 ,
1530 617 1577 676 s'i
1595 618 1655 676 in
1682 618 1830 678 dua-

103 706 208 765 bus
227 706 563 789 quibusdam
594 705 759 764 rebus
793 704 956 780 longe
971 703 1123 762 inter
1154 724 1210 762 se
1242 703 1469 764 diversis
1499 717 1680 788 potest
1718 707 1830 767 hoc

104 793 255 854 dici?
278 794 437 866 Quid
461 795 606 854 enim
623 807 735 852 tam
761 792 1066 863 diversum,
1094 807 1262 872 quam
1286 793 1498 852 animus
1517 805 1569 854 et
1591 789 1829 878 corpu-‘ii’

104 883 495 954 Potesttamen
525 881 637 940 dici
666 881 942 938 :Animus
967 892 1083 938 erat
1116 880 1266 961 apud
1289 881 1570 942 hominem
1593 931 1608 958 ‚
1639 877 1703 944 id?
1725 892 1825 958 est,

96 970 154 1039 in
189 971 411 1035 homine
434 994 465 1029 e:
498 992 629 1030 cum
665 970 878 1028 animus
916 988 1031 1027 non
1069 969 1138 1028 sit
1165 983 1405 1052 corPUS‚
1445 973 1617 1032 hofflo'
1647 981 1828 1034 antem

98 1060 310 1128 animus
347 1060 509 1119 simul
527 1074 591 1118 et
617 1080 818 1139 corpus
845 1058 931 1116 sit.
969 1058 1043 1116 Ut
1075 1059 1236 1117 eti-am
1263 1061 1416 1141 quod
1437 1074 1830 1144 consequenter

96 1150 367 1230 scriptum
392 1159 472 1209 est
487 1197 506 1221 ‚
527 1176 558 1209 ι(
589 1151 653 1206 Et
677 1149 823 1206 Deus
843 1160 958 1205 erat
978 1148 1224 1207 Verbum
1246 1195 1262 1221 ‚
1289 1170 1316 1203 >³
1344 1150 1421 1209 sic
1448 1152 1783 1229 intelligatur
1810 1176 1825 1211 ε

95 1239 339 1306 Verbum
372 1239 524 1320 quod
560 1248 675 1297 ιιὸιι
703 1251 780 1296 est
810 1239 1000 1310 Pater,
1043 1240 1194 1296 Deus
1222 1244 1337 1298 erat
1370 1240 1534 1300 simul
1563 1254 1692 1301 cum
1719 1246 1830 1301 Pa·-

95 1341 192 1388 tre.
224 1329 409 1387 Ita-ne
438 1347 565 1404 ergo·
596 1328 862 1399 dicimm,
892 1340 954 1384 ut
974 1328 1139 1386 Pater
1162 1327 1231 1386 sit
1252 1342 1535 1405 generator
1557 1331 1841 1408 magnitu-'
1903 1340 1905 1342 ’

94 1417 265 1488 dinis,
295 1417 406 1489 hoc
436 1431 514 1477 est
534 1428 816 1494 generator
836 1416 1077 1490 virtuti&-
1107 1416 1194 1476 vel
1224 1431 1516 1494 generator
1543 1419 1828 1500 sapientiae

93 1527 204 1565 suae
233 1528 247 1564 ι
271 1511 313 1564 F
315 1507 450 1574 ilius!
466 1520 646 1566 autem
669 1504 993 1582 magnitudo
1010 1550 1027 1578 ,
1050 1505 1245 1578 virtu5‚
1277 1518 1332 1565 et
1349 1507 1614 1588 sapientia
1640 1531 1655 1567 ε
1683 1511 1831 1568 Deus

91 1614 220 1654 vero
248 1608 516 1672 magnus,-
544 1595 931 1675 omnipotenti,
961 1593 1174 1674 sapiens
1211 1595 1380 1654 ambo
1410 1596 1616 1656 simul?
1665 1598 1845 1670 Quo--¹

91 1684 257 1744 modo
295 1695 423 1762 ergo
465 1686 613 1743 Deus
655 1684 723 1743 de
758 1684 906 1756 Dec,
946 1681 1134 1742 lumen
1157 1682 1226 1742 de
1254 1683 1504 1745 lumine?
1533 1687 1659 1746 Non
1681 1688 1829 1746 enim

89 1772 253 1838 sifflul
277 1775 442 1833 ambo
467 1775 616 1833 Deus
635 1773 705 1832 ‘de
735 1774 882 1844 Deo,
908 1771 1004 1830 sed
1027 1771 1174 1831 solus
1196 1772 1367 1832 Filius
1399 1771 1471 1832 de
1489 1775 1638 1847 De0‚·
1671 1776 1848 1835 scili-'

89 1875 177 1921 cet
203 1863 369 1922 Patre
396 1884 413 1923 ι
445 1885 548 1922 nec
570 1863 737 1922 ambo
772 1860 938 1920 simul
970 1860 1156 1919 lumen
1185 1861 1255 1919 de
1277 1859 1520 1935 lumine,
1549 1862 1644 1923 Sed
1684 1859 1849 1925 solus'

91 1950 261 2010 Filius
282 1951 351 2011 de
370 1951 578 2011 lumine
591 1951 782 2010 zPatre.
820 1948 939 2008 Nisi
950 1947 1096 2007 forte
1116 1947 1187 2008 ad
1213 1948 1604 2011 insinuandum
1631 1965 1684 2012 et
1704 1954 1828 2012 bress

86 2039 301 2100 vissime
322 2040 718 2101 inelilcandum
745 2038 899 2121 quod
918 2049 1224 2099 coaeternus
1245 2052 1325 2098 est
1346 2039 1500 2100 Patri
1530 2041 1733 2116 Filius,
1731 2043 1822 2103 ita

85 2128 299 2190 dictum
323 2143 436 2203 est,·
472 2131 619 2189 Deus
646 2130 716 2188 de
740 2128 856 2187 Deo
888 2140 941 2186 et
961 2127 1148 2186 lumen
1177 2127 1502 2201 delumine,
1537 2131 1655 2189 etsi
1680 2133 1817 2219 quid

83 2219 195 2279 hoc
218 2219 386 2279 modo
407 2177 632 2291 (licitur,
663 2241 725 2277 ac
746 2218 790 2276 si
806 2216 1121 2294 diceretur-⁰.
1149 2215 1275 2275 Hoc
1304 2216 1459 2316 (Ῑιιοε1
1488 2238 1601 2276 non
1621 2231 1701 2278 est
1726 2214 1823 2280 Fi·-

81 2307 188 2368 lius
214 2310 327 2370 ‘sine
355 2314 546 2381 Patre,
577 2307 781 2365 dehoc
811 2305 965 2386 quod
983 2318 1097 2363 non
1126 2316 1205 2364 est
1233 2307 1398 2364 Pater
1416 2305 1533 2365 sine
1561 2306 1734 2382 Filio,
1759 2309 1819 2370 id
1851 2319 1858 2337 ¹

83 2411 194 2470 est,
223 2398 334 2457 hoc
366 2398 553 2456 lumen
582 2395 734 2477 quod
760 2395 948 2454 lumen
969 2413 1081 2454 non
1121 2406 1200 2484 est
1232 2394 1346 2453 sine
1372 2395 1570 2469 Patre,
1611 2396 1679 2456 de
1706 2399 1819 2459 hoc

83 2444 287 2545 luniine
308 2488 473 2545 Patre
499 2485 651 2568 quod
673 2484 859 2543 lumen
886 2504 999 2543 non
1021 2496 1119 2542 est
1128 2485 1242 2542 sine
1268 2483 1447 2543 Filio:
1482 2498 1544 2544 ut
1573 2506 1704 2546 cum
1725 2487 1811 2547 di-

87 2575 251 2646 citur,
294 2577 440 2634 Deus
472 2574 624 2656 quod
662 2595 773 2632 non
809 2585 905 2631 est
927 2565 1097 2631 Filius·
1130 2572 1244 2631 sine
1271 2572 1466 2639 Patre,
1505 2586 1559 2632 et
1588 2574 1657 2634 de
1695 2578 1819 2635 Deo
1852 2601 1857 2605 ·

81 2664 232 2744 quod
256 2686 370 2724 non
389 2678 467 2723 est
497 2666 660 2722 Pater
691 2663 804 2721 sine
826 2661 1003 2734 Filio,
1034 2660 1274 2741 perfecte
1304 2661 1638 2739 intelligatur
1660 2667 1812 2745 quod

80 2774 192 2812 non
208 2753 490 2834 praecessit
516 2753 727 2829 genitor
749 2747 889 2809 illud
912 2749 1125 2831 quod„
1097 2749 1300 2809 venuit.
1333 2749 1522 2822 Quod
1524 2751 1568 2810 si
1594 2751 1671 2810 ita
1694 2764 1804 2824 est,

78 2841 188 2902 hoc
211 2842 388 2901 solum
416 2843 485 2900 de
515 2843 590 2900 eis
617 2841 728 2900 dici
754 2861 871 2899 non
893 2847 1106 2920 potest,
1136 2837 1278 2896 illud
1308 2837 1378 2896 de
1402 2838 1498 2898 illo
1519 2840 1712 2921 ‚quod
1738 2843 1806 2901 s'i-

78 2932 196 2991 mul
231 2934 393 2991 ambo
427 2953 539 2990 non
575 2943 716 2990 sunt.
750 2925 911 2990 Sicut
943 2927 1186 2988 Verbum
1224 2927 1293 2986 de
1329 2929 1501 2988 verbo
1526 2928 1654 2990 dici
1689 2940 1802 3003 non

78 3034 256 3101 potest
272 3068 297 3094 ,1
321 3021 450 3102 quia
480 3041 590 3079 non
623 3019 784 3079 simul
814 3018 977 3077 ambo
1005 3018 1238 3078 verbum
1259 3063 1274 3089 ‚
1305 3017 1402 3077 sed
1430 3018 1574 3078 solus
1600 3020 1798 3081 Filius‘:

78 3130 177 3169 nec
199 3111 378 3188 imago
402 3110 469 3169 de
484 3110 717 3186 imagine
735 3155 749 3179 ‚
779 3108 911 3189 quia
932 3119 1044 3166 non
1067 3105 1231 3165 simul
1255 3103 1422 3167 ambo
1443 3106 1625 3187 imago
1654 3132 1671 3170 t
1703 3106 1804 3171 nec
1882 3112 1893 3127 ⁸

77 3200 246 3259 Filius
278 3200 345 3260 de
376 3200 512 3259 Filio
533 3247 548 3271 ‚
578 3198 843 3279 quianon
879 3196 1042 3255 simul
1064 3196 1230 3257 ambo
1252 3195 1450 3270 Filius,
1499 3201 1802 3260 secundum

1493 3313 1589 3374 23.
