2144 3808
283 353 551 395 commo
598 355 710 394 0οΜ
752 351 1044 393 1111111111Νο
1089 354 1430 396 AnlANonuM
1474 358 1646 398 muse.
1738 337 1807 408 41

84 459 205 497 »non
236 437 586 517 obstrepatur
626 435 875 506 veritati,
923 457 1033 495 non
1063 449 1304 495 nostram
1351 439 1630 517 querimur
1663 439 1818 516 inju-

93 527 230 584 riam
255 572 270 596 ‚
305 524 395 582 sed
426 523 526 581 Dei
555 523 779 599 gloriam
802 523 1186 604 praedicamus,
1225 551 1250 577 ))

100 626 104 629 '
186 614 280 690 115ο
313 639 338 665 c<
365 614 587 671 Certum
619 625 696 671 est
719 613 870 693 quod
902 612 977 669 ait
1023 612 1316 693 Apostolus
1358 635 1372 670 ε
1407 638 1432 665 «
1461 612 1572 685 Qui
1604 634 1730 671 cum
1763 615 1821 674 in

96 730 123 758 »
143 703 318 761 forma
338 702 438 759 Dei
454 714 585 759 esset
602 699 646 760 1.
671 727 696 754 »
716 701 854 772 Quis
873 701 1016 759 enim
1036 713 1195 776 negat
1223 701 1423 759 Filium
1443 722 1550 759 esse
1565 701 1622 759 in
1649 701 1824 761 forma

95 790 229 850 Dei?
259 790 426 862 Quod
454 790 598 847 enim
631 789 700 847 sit
728 791 903 860 DeUS‚
938 789 1091 870 quod
1123 789 1190 847 sit
1237 790 1507 848 Dominus
1530 836 1544 860 ‚
1579 790 1729 869 quod
1755 790 1824 848 sit

93 879 207 936 Rex
226 923 239 947 ,
267 881 382 952 jam
406 890 544 959 puto
567 876 729 934 latius
761 877 1126 957 exposuimus
1172 879 1242 934 Et
1276 877 1408 958 quia
1435 899 1548 935 non
1572 878 1824 957 rapinam

97 965 390 1023 arbitratus
414 977 493 1022 est
518 985 626 1022 esse
649 985 702 1022 se
728 964 994 1045 aequalem
1017 965 1132 1022 Deo
1148 1011 1162 1036 ‚
1190 964 1301 1022 hoc
1329 986 1429 1022 nos
1452 965 1647 1023 beatus
1668 967 1825 1045 apos-'-

95 1051 237 1110 tolus
266 1051 466 1110 Paulus
492 1051 744 1120 instruit,
773 1051 925 1132 quod
958 1051 1046 1110 ille
1070 1073 1183 1110 non
1219 1052 1440 1133 rapuit,
1482 1073 1583 1110 nec
1612 1074 1711 1111 nos
1735 1053 1826 1111 di—

97 1140 305 1208 cimus3
332 1139 423 1197 sed
450 1140 580 1220 quia
604 1140 899 1199 exinanivit
927 1142 1275 1221 semetipsum
1292 1187 1308 1212 ,
1350 1139 1529 1199 factus
1568 1139 1827 1201 obediens

96 1227 248 1284 Patri
296 1248 465 1308 usque
515 1227 585 1285 ad
628 1240 860 1285 mortem
881 1274 894 1295 ,
931 1240 1161 1286 mortem
1210 1242 1394 1286 autem
1438 1227 1616 1287 crucis
1637 1275 1652 1300 ‚
1698 1228 1824 1287 totis

95 1314 306 1374 viribus
337 1315 726 1395 praedicamus,
782 1317 893 1374 Nos
930 1315 1065 1374 dicti
1103 1337 1287 1375 sumus
1334 1317 1434 1374 filii
1467 1317 1668 1392 gratia,
1713 1338 1827 1375 non

98 1415 294 1461 natura
319 1404 431 1462 hoc
458 1404 575 1462 nati
607 1426 621 1461 t
657 1404 779 1462 ideo
814 1406 1120 1481 unigenitus
1156 1419 1234 1463 est
1274 1405 1473 1478 Filius,
1514 1406 1646 1486 quia
1674 1405 1827 1486 quod

98 1505 178 1549 est
202 1491 502 1549 secundum
527 1492 830 1552 divinitatis
858 1515 970 1551 suae
998 1507 1280 1566 naturam,
1306 1494 1416 1552 hoc
1449 1507 1527 1552 est
1555 1507 1714 1552 natus
1739 1494 1825 1552 Fi-

97 1579 219 1639 lius,
265 1580 371 1637 Cui
408 1579 548 1637 forte
588 1581 632 1638 si
661 1581 778 1660 ipse
813 1580 1036 1639 fratrem
1074 1582 1347 1662 applicaS,
1390 1582 1519 1661 quia
1556 1582 1827 1661 Spiritum

100 1680 348 1726 sanctum
374 1688 560 1747 parem
587 1681 750 1748 atque
781 1668 1046 1748 aequalem
1072 1669 1258 1726 asseris
1291 1668 1461 1737 Filio;
1490 1690 1644 1748 aeque
1676 1682 1729 1726 et
1759 1668 1828 1727 de

100 1756 404 1816 substantia
435 1755 612 1814 Patris
638 1778 762 1814 eum
787 1778 895 1815 esse
923 1757 1192 1837 profiteris
1220 1779 1234 1814 ε
1264 1757 1307 1815 si
1330 1757 1406 1814 ita
1435 1771 1539 1829 est,
1569 1778 1696 1833 ergo
1711 1761 1829 1833 jam

100 1867 211 1904 non
240 1858 319 1903 est
347 1845 656 1921 unigenitus
679 1845 875 1917 Filius,
905 1867 1033 1904 cum
1055 1859 1109 1904 et
1140 1846 1271 1904 alter
1304 1847 1371 1904 sit
1393 1868 1452 1904 ex
1481 1846 1667 1904 eadem
1691 1846 1830 1904 sub-

101 1933 316 1992 stantia.
355 1934 466 1991 Nos
494 1934 552 1990 in
574 1937 790 1997 Patrem
817 1934 993 2011 Deum
1018 1934 1266 1992 innatum
1288 1981 1301 2005 ‚
1326 1944 1583 1992 naturam
1607 1955 1719 1991 non
1742 1954 1828 1992 ac-

103 2023 348 2104 cepimus
396 2045 410 2080 :
468 2022 741 2080 credimus
794 2023 944 2102 quod
974 2024 1047 2081 ait
1079 2024 1332 2082 Christus
1358 2070 1372 2094 ‚
1411 2050 1436 2076 c<
1470 2023 1708 2104 Spiritus
1752 2034 1832 2079 est

103 2138 130 2165 >2
152 2112 344 2172 Deus2.
356 2136 382 2163 >³
403 2111 570 2169 Filius
588 2124 744 2170 natus
762 2125 863 2183 est,
886 2126 947 2170 ut
964 2112 1195 2171 diximus
1213 2135 1227 2170 t
1245 2134 1343 2170 nos
1359 2126 1612 2172 etverum
1630 2112 1828 2170 Filium

103 2199 460 2279 profitemur,
495 2211 549 2256 et
576 2198 805 2256 similem
846 2200 999 2257 Patri
1023 2222 1135 2257 non
1166 2200 1494 2276 denegamus
1520 2222 1534 2256 z
1566 2213 1832 2280 praeterea

105 2287 172 2346 de
202 2287 402 2348 divinis
431 2288 730 2368 Scripturis
760 2289 1033 2348 instructi.
1076 2291 1217 2347 Nam
1239 2289 1371 2370 quia
1395 2289 1631 2348 diversas
1660 2309 1831 2347 accu-

106 2396 291 2433 samur
331 2375 512 2432 dicere
550 2388 773 2433 naturas
796 2423 810 2447 ,
858 2377 968 2434 hoc
1010 2377 1145 2435 scito
1171 2424 1184 2447 ‚
1229 2376 1380 2458 quod
1417 2398 1514 2434 nos
1562 2376 1828 2447 dicimUS,

107 2462 258 2543 quod
280 2464 444 2520 Pater
467 2462 703 2543 Spiritus
730 2463 1000 2542 Spiritum
1032 2465 1218 2539 genuit
1242 2478 1364 2523 ante
1393 2464 1577 2522 omnia
1598 2463 1795 2522 saecula
1813 2510 1827 2535 ‚

108 2552 253 2609 Deus
282 2552 460 2609 Deum
499 2550 685 2627 genuit
728 2573 738 2607 ε
777 2563 830 2607 et
874 2564 1071 2609 caetera
1099 2573 1225 2631 quae
1258 2558 1375 2628 jam
1404 2552 1654 2632 superius
1683 2551 1833 2609 dicta

107 2651 250 2698 sunt.
289 2639 460 2702 Verus
478 2639 695 2697 innatus
716 2641 873 2696 Pater
891 2660 1082 2698 verum
1111 2641 1299 2715 genuit
1328 2640 1545 2699 Filium.
1578 2639 1685 2697 Sed
1706 2660 1834 2696 cum

111 2725 248 2784 dicit
279 2727 547 2794 Dominus
587 2726 644 2784 in
691 2726 983 2802 Evangelio
1017 2749 1030 2783 ε
1062 2753 1088 2779 c<
1115 2728 1188 2784 Ut
1223 2740 1552 2804 cognoscant
1578 2740 1631 2785 te
1658 2725 1835 2785 solum

111 2839 138 2866 »
160 2814 338 2871 Deum
368 2835 556 2873 verum
574 2861 588 2884 ‚
615 2828 667 2872 et
697 2835 860 2894 quem
891 2815 1080 2873 misisti
1110 2816 1297 2874 Jesum
1319 2815 1642 2874 Christum³
1670 2837 1683 2872 :
1712 2839 1739 2866 ›>
1758 2815 1836 2873 sic

111 2901 288 2960 solum
310 2923 500 2961 verum
522 2902 660 2969 dicit
684 2907 903 2961 Patrem
926 2950 940 2975 ,
970 2903 1247 2984 quomodo
1286 2918 1339 2963 et
1368 2903 1543 2963 solum
1580 2904 1793 2962 bonum
1816 2949 1831 2975 ‚

112 3003 166 3048 et
200 2991 375 3049 solum
420 3004 731 3072 potentem,
777 2993 1056 3073 quomodo
1095 3006 1148 3052 et
1182 2993 1357 3052 solum
1399 2993 1714 3074 sapientem.
1763 2994 1839 3051 Ut

112 3091 252 3158 puto
282 3099 382 3136 nec
404 3079 520 3159 ipse
557 3078 808 3137 diabolus
842 3100 1000 3137 ausus
1024 3093 1102 3138 est
1126 3080 1304 3140 dicere
1324 3128 1338 3153 ,
1365 3081 1516 3162 quod
1545 3085 1705 3161 Pater
1726 3101 1838 3138 non

113 3165 422 3246 perfectum
464 3168 650 3244 genuit
692 3181 812 3226 ante
859 3169 1041 3227 omnia
1072 3170 1290 3230 Filium.
1325 3171 1452 3229 Non
1487 3170 1629 3229 enim
1662 3170 1839 3250 profi-

178 3269 192 3299 ¹
213 3269 359 3326 Philip.
377 3285 425 3327 11,
455 3273 497 3315 6.
533 3295 588 3303 —-
607 3268 765 3315 2Joan.
793 3284 848 3322 tv,
873 3279 941 3319 24.
958 3294 1015 3306 --
1037 3269 1055 3302 3
1078 3272 1140 3319 ld.
1164 3287 1265 3324 xvu,
1289 3275 1330 3317 3.
