2144 3808
336 301 452 371 340
871 321 915 357 s,
973 315 1282 358 Aucusrmi
1326 315 1581 358 El‘lscoPI

338 416 456 460 tum
474 423 636 479 nego,
661 421 791 460 cum
816 400 942 460 dico
962 423 977 460 ε
999 402 1125 460 Non
1143 405 1308 477 jacet.
1340 399 1655 459 Secundum
1676 398 1935 459 habitum
1960 401 2066 474 ain,

339 513 470 551 cum
494 491 621 550 dico
649 514 663 549 :
700 493 951 550 Armatus
975 504 1087 559 est3
1119 489 1422 548 secundum
1447 489 1705 548 habitum
1736 511 1873 566 nego
1896 537 1911 559 ,
1943 511 2073 549 cum

338 581 466 640 dico
497 604 511 639 ε
546 582 673 639 Non
708 595 947 640 armatus
978 595 1073 642 est.
1113 579 1483 639 Tantumdem
1516 593 1699 638 autem
1726 579 1871 640 valet
1907 581 1952 639 si
1981 580 2074 639 di-

340 691 464 729 cam
505 691 519 727 :
563 670 793 728 Inermis
827 683 923 730 est.
962 669 1281 729 Secundum
1316 682 1533 750 tempus
1573 668 1687 741 aio,
1728 689 1859 727 cum
1897 668 2069 728 dico:

336 759 638 818 Hesternus
664 772 770 829 est;
800 759 1104 820 secundum
1128 772 1345 839 tempus
1375 779 1543 834 neg0‚
1574 778 1703 816 cum
1732 757 1858 816 dico
1886 779 1901 815 ε
1947 759 2075 817 Non

333 847 620 907 hesternus
641 862 735 909 est.
768 849 840 906 Et
863 869 991 908 cum
1018 848 1144 908 dico
1174 871 1187 906 :
1218 849 1414 906 Romae
1437 860 1538 919 est,
1565 845 1868 906 secundum
1888 846 2076 906 locum
2142 926 2144 928 Ι

338 937 462 1006 aio;
495 951 549 1011 et
581 936 885 995 secundum
914 927 1101 996 locum
1128 957 1266 1012 nego
1286 983 1300 1006 ‚
1337 957 1464 994 cum
1516 935 1642 993 dico
1673 957 1686 993 ε
1727 936 1853 993 Non
1881 936 2077 994 Romae
2139 928 2142 932 ’

333 1038 428 1084 est.
463 1024 779 1083 Secundum
799 1023 860 1081 id
884 1024 1035 1103 quod
1059 1024 1139 1082 est
1157 1023 1333 1082 facere
1358 1024 1442 1081 aio
1458 1070 1473 1096 ‚
1504 1045 1634 1082 cum
1655 1023 1781 1082 dico
1811 1046 1826 1081 t
1851 1023 2036 1082 Caedit
2057 1047 2073 1092 ;

335 1114 379 1171 si
399 1125 579 1171 autem
598 1112 782 1171 dicam
809 1134 823 1169 ε
855 1113 980 1170 Non
998 1111 1166 1171 caedit
1182 1159 1196 1185 ‚
1224 1112 1526 1171 secundum
1545 1112 1604 1171 id
1625 1112 1777 1193 quod
1801 1126 1880 1172 est
1902 1113 2079 1172 facere

335 1222 474 1277 nego
489 1248 504 1274 ‚
538 1213 600 1259 ut
628 1199 912 1259 ostendam
936 1222 1048 1259 non
1073 1201 1185 1260 hoc
1209 1200 1405 1261 facere.
1444 1202 1515 1258 Et
1538 1221 1665 1259 cum
1687 1199 1816 1259 dico
1839 1223 1854 1259 ε
1885 1201 2080 1282 Vapu-

331 1289 410 1349 lat
429 1337 443 1362 ‚
474 1289 780 1348 secundum.
809 1289 1310 1370 praedicamentum
1348 1291 1433 1348 aio
1465 1289 1618 1370 quod
1646 1290 1767 1370 pati
1810 1303 2076 1359 vocatur3

334 1393 390 1437 et
410 1379 714 1438 secundum
735 1378 794 1437 id
823 1401 960 1455 nego
982 1426 996 1451 ,
1036 1401 1164 1438 cum
1193 1379 1321 1438 dico
1356 1402 1371 1436 ι
1408 1380 1535 1438 Non
1563 1379 1812 1460 vapulat.
1853 1380 1925 1437 Et
1955 1401 2080 1438 om-

332 1469 465 1527 nino
487 1467 702 1526 nullum
722 1467 1146 1548 praedicamenti
1163 1490 1331 1546 genus
1353 1482 1462 1539 est,
1488 1468 1789 1528 secundum
1811 1467 1961 1549 quod
1986 1467 2082 1526 ali-

334 1557 471 1638 quid
499 1557 638 1614 aiere
662 1558 916 1615 volumus
939 1604 952 1628 ,
981 1558 1085 1615 nisi
1114 1571 1174 1616 ut
1198 1557 1500 1617 secundum
1530 1557 1774 1639 idipsum
1803 1555 2083 1639 praedica-

334 1658 584 1704 mentum
624 1668 821 1722 negare
861 1647 1292 1722 convincamur,
1334 1646 1376 1704 si
1410 1668 1736 1728 praeponere
1779 1646 2083 1722 negativam

333 1736 671 1817 particulam
697 1736 1048 1797 voluerimus,
1088 1741 1233 1812 Quae
1259 1758 1388 1795 cum
1412 1736 1622 1795 itatsint
1643 1784 1656 1808 ‚
1688 1737 1731 1794 si
1752 1735 2084 1795 substantia-

333 1825 461 1883 liter
494 1825 690 1883 aierem
711 1872 725 1897 ,
766 1825 1004 1884 dicendo
1034 1873 1048 1897 ,
1077 1826 1284 1895 Filius;
1321 1825 1753 1884 substantialiter
1790 1846 2044 1902 negarem
2063 1871 2078 1896 ,

337 1913 575 1972 dicendo
604 1936 618 1970 ε
655 1916 779 1972 Non
811 1914 977 1973 filius,
1016 1914 1163 1986 Quia
1192 1935 1320 1974 vero
1352 1914 1577 1973 relative
1609 1915 1727 1987 aio,
1766 1935 1896 1972 cum
1920 1913 2079 1986 dieo,

339 2003 512 2061 Filius
540 2016 649 2071 est3
689 2003 758 2060 ad
788 2017 1002 2083 patrem
1031 2004 1176 2061 enim
1216 2003 1388 2062 refero
1421 2026 1435 2060 ε
1466 2003 1688 2061 relative
1724 2025 1861 2079 nego
1883 2049 1898 2075 ‚
1928 2004 1972 2060 si
1994 2001 2085 2060 di-

339 2115 462 2153 cam
490 2115 505 2150 2
534 2094 660 2151 Non
685 2093 832 2151 filius
853 2107 966 2162 est3
993 2093 1063 2151 ad
1086 2106 1371 2174 parentem
1394 2094 1538 2152 enim
1565 2093 1813 2152 eamdem
1844 2094 2086 2170 negatio-

339 2205 463 2242 nem
495 2182 668 2240 rcfero
692 2229 707 2254 ‚
738 2181 926 2240 volens
950 2182 1232 2241 ostendere
1271 2183 1422 2264 quod
1452 2183 1500 2242 ei
1525 2204 1722 2264 parens
1749 2204 1862 2240 non
1885 2182 1969 2241 sit.
2015 2182 2087 2239 At

342 2274 386 2331 si
412 2286 681 2354 quantum
724 2272 868 2331 valet
911 2272 1062 2353 quod
1093 2272 1298 2331 dicitur
1333 2264 1478 2332 filius
1502 2320 1516 2345 ‚
1562 2271 1900 2331 tantumdem
1942 2271 2087 2331 valet

340 2361 494 2443 quod
518 2360 725 2419 dicitur
744 2361 980 2437 genitUS‚
1008 2361 1151 2420 sicut
1172 2362 1468 2443 praelocuti
1491 2382 1679 2420 sumus
1702 2387 1716 2430 3
1742 2359 2083 2419 tantumdem

340 2471 467 2527 ergo
488 2449 633 2508 valet
653 2449 805 2531 quod
829 2449 1038 2509 dicitur
1057 2473 1171 2510 non
1200 2452 1413 2528 genitus
1432 2499 1445 2524 ,
1471 2464 1739 2532 quantum
1766 2449 1912 2508 valet
1937 2448 2087 2530 quod.

346 2538 550 2598 dicitur
570 2561 682 2597 non
707 2539 868 2599 filius,
906 2540 1154 2601 Relative
1183 2554 1361 2599 autem
1385 2561 1647 2616 negamus
1680 2538 1945 2610 dicend0‚
1975 2560 2088 2597 non

346 2629 489 2688 filius
518 2651 532 2685 z
565 2629 790 2687 relative
819 2629 987 2706 igitur
1008 2651 1269 2706 negamus
1288 2629 1525 2688 dicendo
1546 2676 1559 2699 ‚
1587 2650 1696 2686 non
1719 2626 1948 2704 genitus
1987 2629 2088 2686 In-

349 2718 563 2793 genitus
591 2739 761 2798 porro
797 2718 934 2799 quid
967 2732 1045 2777 est
1073 2719 1177 2776 nisi
1207 2740 1317 2776 non
1347 2717 1597 2794 genitus?
1629 2717 1753 2774 Non
1782 2735 1909 2793 ergo
1934 2738 2088 2776 rece-

350 2807 503 2866 ditur
533 2802 577 2865 a‘
602 2807 828 2866 relativo
871 2807 1338 2888 praedicament0‚
1381 2829 1508 2866 cum
1547 2807 1819 2883 ingenitus
1858 2806 2080 2868 dicitur.

350 2896 506 2953 Sicut
533 2898 676 2953 enim
710 2897 921 2972 genitus
951 2919 1061 2955 non
1092 2896 1159 2955 ad
1193 2918 1245 2954 se
1270 2898 1450 2977 ipsum
1475 2895 1679 2954 dicitur
1700 2941 1714 2966 ‚
1740 2893 1829 2953 sed
1855 2895 2006 2975 quod
2029 2916 2090 2953 ex

350 2985 593 3059 genitore
623 2986 690 3042 sit
723 3007 736 3041 ε
772 2985 845 3042 ita
875 3006 1000 3044 cum
1029 2985 1234 3043 dicitur
1254 2985 1525 3062 ingenitus
1547 3031 1560 3056 ,
1586 3005 1696 3042 non
1729 2983 1796 3042 ad
1825 3005 1877 3041 se
1903 2983 2089 3063 ipsum

347 3072 587 3144 dicitur,
621 3073 711 3131 sed
749 3073 897 3153 quod
922 3096 981 3133 ex
1006 3075 1245 3151 genitore
1272 3097 1384 3134 non
1415 3075 1483 3134 si't
1517 3073 1838 3133 ostenditur.
1884 3073 1948 3130 In
1989 3095 2088 3132 eo-

345 3160 471 3222 dem
515 3174 695 3220 tamon
736 3161 1205 3242 praedicamento,
1254 3163 1407 3247 quod
1446 3163 1762 3223 Relativum
1814 3170 2083 3236 vocatur,

340 3265 574 3334 utraque
602 3250 929 3328 significatio
958 3253 1191 3313 vertitur
1222 3276 1236 3313 ε
1274 3253 1424 3336 quod
1467 3266 1647 3313 autem
1690 3250 1915 3311 relative
1949 3272 2088 3334 pro-
