2144 3808
283 247 399 305 232
817 267 863 306 s.
913 265 1222 308 Aneusrnu
1263 266 1527 309 nrlscorr

279 368 388 428 que
409 347 539 407 inde
565 363 811 431 separato
845 351 1058 433 Spiritu
1086 365 1273 412 sancto
1295 399 1310 425 ,
1334 352 1402 411 de
1420 372 1531 433 quo
1555 363 1738 433 aperte
1766 349 1968 410 dieitur
1995 372 2010 408 ε

277 460 306 487 «
332 436 565 496 Inventa
587 451 664 496 est
691 438 752 496 in
780 452 932 497 utero
963 439 1174 498 habens
1203 441 1271 500 de
1298 441 1514 521 Spiritu
1535 437 1778 500 sancto1.
1812 465 1840 493 ³)
1876 440 2018 497 Nam

279 523 446 583 etiam
474 526 519 585 si
538 527 616 586 ita
636 549 949 610 quaeramus
966 576 981 602 ‚
1014 529 1301 588 enodatius
1329 530 1569 589 fortassis
1596 529 1749 611 quod
1784 528 2021 595 dicimus

281 615 574 695 apparebit
603 639 618 674 z
654 617 953 689 Quomodo
975 617 1124 676 misit
1146 620 1294 677 Deus
1317 618 1517 677 Filium
1544 623 1741 678 suum?
1764 620 1797 677 J
1805 618 1935 677 ussit
1959 630 2021 676 ut

282 704 491 788 veniret
513 718 677 787 atque
698 707 791 766 ille
812 708 1035 784 jubenti
1058 708 1443 789 obtemperans
1471 708 1619 768 venit
1637 755 1651 779 ‚
1681 730 1751 766 an
1770 707 1980 784 rogavit
2000 753 2016 780 ,

284 813 356 850 an
402 795 785 862 tantummodo
825 796 1153 856 admonuit?
1203 797 1310 856 Sed
1350 796 1642 879 quodlibet
1682 797 1886 855 horum
1914 796 2019 867 sit,

283 881 456 941 verbo
477 884 670 966 utique
694 884 904 945 factum
925 900 1036 960 est,³
1071 887 1173 946 Dei
1196 900 1378 946 autem
1405 888 1649 947 Verbum
1679 885 1796 966 ipse
1816 898 1894 943 est
1924 884 2026 942 Dei

287 969 478 1031 Filius.
518 973 876 1055 Quapropter
903 997 1032 1054 cum
1059 998 1187 1036 eum
1211 982 1373 1035 Pater
1400 977 1572 1037 verbo
1599 977 1778 1048 misit,
1812 998 1842 1033 a
1864 980 2026 1033 Patre
2101 1003 2118 1017 ·

288 1071 344 1116 et
366 1059 549 1119 Verbo
585 1068 702 1140 ejus
733 1063 943 1123 factum
972 1079 1050 1123 est
1086 1079 1147 1124 ut
1175 1066 1502 1125 mitteretur.
1550 1067 1695 1141 Ergo
1725 1088 1754 1123 a
1783 1069 1944 1123 Patre
1974 1076 2029 1121 et

285 1147 427 1206 Filio
450 1150 644 1209 missus
666 1166 746 1211 est
766 1152 914 1212 idem
940 1153 1107 1212 Filius
1127 1202 1141 1226 ‚
1170 1155 1302 1235 quia
1329 1154 1575 1214 Verbum
1601 1153 1781 1212 Patris
1811 1165 1892 1210 est
1912 1151 2029 1232 ipse

288 1236 476 1299 Filius.
524 1241 662 1313 Quis
704 1243 851 1300 enim
892 1260 949 1300 se·
981 1256 1093 1301 tam
1127 1243 1387 1318 sacrilega
1423 1242 1620 1300 induat
1648 1241 1938 1323 opinione,
1968 1251 2032 1297 ut

286 1339 448 1406 putet
475 1331 779 1410 temporale
798 1331 1031 1391 verbum
1054 1355 1084 1390 a
1113 1333 1277 1389 Patre
1302 1331 1511 1390 factum
1543 1352 1652 1389 esse
1671 1378 1686 1402 ‚
1715 1344 1777 1389 ut
1798 1344 2032 1388 aeternus

288 1415 459 1476 Filius
484 1419 791 1479 mitteretur
818 1434 872 1480 et
903 1422 962 1480 in
997 1442 1160 1480 carne
1189 1434 1480 1502 appareret
1517 1442 1577 1479 ex
1610 1423 1895 1501 tempore?
1926 1416 2033 1476 Sed

289 1505 484 1586 utique
520 1507 579 1566 in
606 1508 728 1589 ipso
759 1509 862 1567 Dei
903 1510 1087 1569 Verbo
1127 1509 1281 1590 quod
1314 1521 1429 1568 erat
1463 1510 1523 1567 in
1559 1508 1840 1590 principio
1883 1504 2035 1587 apud

292 1596 474 1654 Deum
502 1611 556 1655 et
584 1599 731 1657 Deus
760 1600 936 1673 erat2,
962 1600 1020 1658 in
1047 1600 1169 1680 ipsa
1194 1599 1403 1658 scilicet
1436 1598 1717 1680 Sapientia
1745 1597 1886 1669 Dei,
1922 1595 2035 1653 sine

289 1696 539 1766 tempore
555 1700 670 1746 erat
688 1734 704 1759 ,
728 1710 841 1770 quo
870 1702 1116 1770 tempore
1135 1687 1286 1747 illam
1307 1688 1366 1746 in
1389 1709 1551 1746 carne
1574 1707 1840 1768 apparere
1863 1705 2037 1765 opor-

292 1785 445 1834 teret.
485 1777 679 1858 I‘taque
702 1799 832 1836 eum
873 1779 986 1836 sine
1019 1777 1132 1836 ullo
1170 1777 1328 1836 initio
1360 1777 1626 1858 temporis
1663 1777 1723 1834 in
1758 1773 2038 1856 principio

292 1876 428 1922 esset
450 1865 696 1924 Verbum
717 1913 731 1937 ‚
767 1880 820 1924 et
842 1867 1088 1925 Verbum
1118 1880 1253 1925 esset
1277 1866 1430 1946 apud
1461 1867 1638 1924 Deum
1656 1911 1672 1937 ‚
1705 1877 1759 1922 et
1784 1866 1932 1923 Deus
1959 1882 2038 1919 es-

291 1965 371 2011 set
397 1952 679 2024 Verbum3
711 1955 824 2014 sine
864 1955 978 2014 ullo
1016 1970 1266 2036 tempore
1294 1955 1352 2013 in
1381 1955 1502 2035 ipso
1533 1954 1717 2014 Verbo
1747 1965 1891 2023 erat,
1925 1970 2038 2032 quo

295 2054 542 2123 tempore
566 2044 814 2103 Verbum
852 2067 980 2104 caro
1004 2045 1185 2117 fieret,
1206 2057 1259 2102 et
1282 2043 1562 2115 habitaret
1588 2044 1645 2101 in
1671 2043 1851 2102 nobiS.
1898 2041 2041 2114 Quae

295 2131 588 2212 plenitudo
607 2135 870 2215 temporis
887 2156 1018 2193 cum
1033 2133 1288 2205 venisset,
1309 2133 1458 2191 misit
1475 2134 1619 2191 Deus
1637 2131 1838 2191 Filium
1853 2151 2038 2202 suum,

298 2221 510 2281 factum
531 2246 591 2282 ex
612 2219 877 2283 'muliere3
895 2272 910 2298 ,
936 2224 995 2283 id
1019 2237 1121 2296 est,
1151 2222 1364 2282 factum
1383 2223 1442 2281 in
1465 2236 1742 2303 tempore,
1770 2234 1832 2279 ut
1854 2221 2044 2279 incar-

300 2326 492 2371 natum
514 2313 760 2373 Verbum
782 2314 1105 2373 hominibus
1129 2325 1449 2395 appareret3
1475 2311 1629 2393 quod
1645 2312 1703 2371 in
1719 2311 1840 2392 ipso
1861 2308 2044 2368 Verbo

300 2402 415 2460 sine
440 2416 687 2484 tempore
712 2418 855 2477 erat,
898 2405 957 2462 in
995 2425 1107 2484 quo
1145 2416 1393 2483 tempore
1418 2403 1588 2461 fieret.
1642 2400 1799 2458 Ordo
1835 2397 2047 2480 quippe

300 2503 617 2572 temporum
635 2492 695 2551 in
720 2506 923 2552 aeterna
946 2493 1049 2551 Dei
1073 2492 1353 2574 Sapientia
1373 2491 1486 2550 sine
1506 2504 1754 2570 tempore
1775 2501 1870 2546 est.
1902 2488 2046 2542 Cum

298 2580 484 2663 itaque
509 2581 620 2641 hoe
650 2605 679 2641 a
701 2583 866 2641 Patre
893 2596 947 2640 et
973 2581 1113 2640 Filio
1145 2580 1355 2640 factum
1386 2593 1548 2651 esset,
1575 2579 1719 2637 utin
1758 2596 1921 2635 carne
1956 2573 2046 2631 Fi·-

300 2669 407 2728 lius
432 2685 751 2752 appareret,
777 2684 1140 2749 congruenter
1159 2670 1342 2729 dietus
1361 2682 1440 2727 est
1460 2667 1652 2747 missus
1671 2665 1764 2725 ille
1787 2663 1885 2745 qui
1905 2663 1964 2722 in
1987 2683 2049 2720 ea

303 2781 467 2820 carne
488 2762 774 2843 apparuit,
797 2762 1001 2822 misisse
1023 2775 1206 2821 autem
1228 2760 1320 2819 ille
1338 2760 1436 2841 qui
1460 2758 1520 2817 in
1544 2780 1605 2816 ea
1623 2779 1739 2816 non
1761 2752 2040 2837 apparuit.

304 2841 705 2921 Quoniam’illa
731 2874 860 2935 quae
882 2873 1073 2911 coram
1094 2849 1370 2932 corporeis
1392 2847 1564 2907 oeulis
1587 2845 1719 2905 foris
1748 2855 2043 2922 geruntur,

304 2938 377 2996 ab
400 2939 654 2999 interiore
682 2955 959 3022 apparatu
987 2954 1202 2999 naturae
1229 2937 1487 3019 spiritalis
1508 2936 1772 3006 existunt,
1797 2947 1851 2991 et
1875 2951 2048 3013 prop-

304 3039 449 3086 terea
471 3030 858 3089 convenienter
880 3030 1042 3090 missa
1074 3027 1357 3107 dicuntur.
1395 3027 1593 3085 Forma
1615 3043 1785 3106 porro
1813 3019 1909 3080 illa
1936 3038 2050 3077 sus-

303 3117 453 3198 cepti
482 3115 724 3178 hominis
740 3166 757 3193 ,
793 3118 915 3179 Filii
938 3139 1173 3201 persona
1192 3130 1306 3189 est,
1334 3136 1448 3175 non
1475 3115 1640 3175 etiam
1671 3109 1866 3173 Patris,
1898 3108 2049 3184 Qua-

366 3222 380 3252 ¹
403 3221 556 3267 Matth.
586 3237 624 3274 1,
652 3225 721 3268 18.
744 3246 802 3256 —
820 3221 978 3270 2Joan.
1001 3238 1040 3276 1,
1068 3239 1106 3270 α.
1124 3219 1219 3257 -3
1238 3222 1373 3265 Galat.
1401 3235 1458 3275 xv,
1479 3229 1522 3269 4.
