2144 3808
610 329 678 368 DE
722 329 1059 380 rnmmrn,
1108 330 1224 369 mn.
1277 331 1406 370 xm.
1769 315 1885 375 533

155 419 385 469 tractata
409 424 487 468 est
517 411 574 468 in
596 411 969 489 superioribus
991 410 1179 482 libris,
1216 426 1268 470 et
1298 413 1584 472 inventum
1618 416 1892 475 neminem

150 497 370 574 diligere
392 497 540 578 quod
566 498 783 576 penitus
811 501 1054 572 ignorat3
1080 499 1228 556 exiis
1255 512 1435 557 autem
1460 523 1588 582 quae
1610 516 1737 560 nota
1763 514 1889 562 s‘unt

148 585 326 661 diligi,
355 585 578 665 quando
600 585 753 660 diligi
775 585 1037 643 dicuntur
1058 586 1265 660 ignora.
1300 589 1462 647 Nunc
1488 589 1697 647 librum
1717 591 1886 650 istum

148 675 219 732 ita
251 674 558 732 claudimus
579 720 592 742 ,
638 663 711 731 ιη’
733 673 1142 744 aclnioncamUS‚
1178 676 1326 754 quod
1360 681 1544 751 justus
1577 699 1638 735 ex
1668 679 1776 736 fide
1797 681 1886 738 vi-

146 760 305 819 vit1:
336 782 461 842 quae
497 759 631 818 fides
655 782 756 840 per
781 761 1127 819 dilectionem
1151 777 1432 840 operatur,
1465 766 1540 822 ita
1573 779 1633 823 ut
1654 766 1881 825 virtutes

146 868 364 928 quoque
404 848 541 927 ipsae
592 847 794 925 quibus
835 847 1158 926 prudentffl,
1200 848 1442 921 fortiter,
1489 865 1877 932 temperanter,

140 940 392 1014 justeque
436 932 662 1004 vivitur,
699 955 884 991 omnes
927 933 995 991 ad
1037 935 1282 992 eamdem
1326 936 1630 995 referantur
1665 940 1877 998 fidem:

145 1044 255 1080 non
282 1023 424 1080 enim
451 1022 604 1079 aliter
635 1035 896 1101 poterunt
919 1043 1062 1081 verae
1091 1045 1199 1080 esse
1222 1025 1467 1083 virtutes,
1519 1026 1661 1096 Quae
1702 1040 1882 1085 tamen

144 1112 202 1169 in
221 1112 329 1169 hac
350 1111 458 1170 vita
492 1132 602 1167 non
630 1111 813 1169 valent
834 1124 1079 1182 tantum,
1120 1125 1181 1168 ut
1216 1111 1514 1192 aliquando
1539 1135 1651 1170 non
1681 1115 1750 1172 sit
1785 1115 1881 1174 hic

144 1200 436 1258 necessaria
463 1198 968 1298 qualiumcumque
1022 1201 1261 1258 remissio
1317 1214 1718 1300 peccatorum.
1752 1224 1880 1284 quae

145 1309 255 1344 non
285 1288 348 1344 fit
375 1286 477 1344 nisi
505 1308 603 1366 per
637 1309 795 1360 eum,
838 1289 934 1367 qui
973 1288 1230 1363 sanguine
1259 1309 1355 1346 suo
1395 1289 1526 1346 vicit
1568 1290 1880 1370 principem

144 1389 519 1456 peccatorum.
554 1376 632 1433 Ex
648 1376 756 1434 hac
781 1376 888 1434 fide
914 1389 967 1434 et
993 1376 1088 1434 tali
1113 1377 1224 1435 vita
1243 1398 1637 1457 quaecumque
1633 1378 1880 1437 notiones

143 1477 270 1522 sunt
298 1463 354 1521 in
385 1464 565 1521 animo
585 1463 760 1522 fidelis
780 1464 1038 1535 hominis,
1059 1485 1188 1523 cum
1218 1465 1477 1523 memoria
1502 1464 1873 1538 continentur,

145 1566 197 1610 et
218 1551 593 1610 recordatione
618 1552 1009 1632 inspiciuntur9
1054 1566 1110 1610 et
1147 1552 1412 1611 voluntati
1442 1552 1662 1632 placent
1682 1600 1695 1623 ‚
1743 1554 1876 1614 red-

146 1639 288 1698 dunt
308 1639 605 1720 quamdam
628 1640 711 1698 sui
737 1641 943 1716 generis
967 1641 1281 1699 trinitatem.
1314 1640 1422 1699 Sed
1443 1641 1624 1716 imago
1646 1641 1779 1712 Dei,
1808 1641 1877 1699 de

144 1750 252 1809 qua
274 1729 332 1786 in
354 1733 466 1804 ejus
490 1727 758 1804 adjutorio
781 1743 906 1810 post
926 1729 1237 1809 loquemur,
1263 1729 1510 1788 nondum
1532 1729 1591 1786 in
1613 1728 1733 1809 ipsa
1754 1742 1832 1787 est
1855 1751 1870 1786 t

146 1815 298 1895 quod
339 1830 471 1873 tunc
501 1816 693 1874 melius
732 1817 1045 1897 apparebit,
1078 1839 1205 1875 cum
1242 1817 1674 1875 demonstratum
1707 1815 1871 1875 fuerit

116 1903 245 1968 „ubi
268 1904 366 1975 sit,
405 1905 558 1983 quod
587 1905 645 1962 in
674 1905 862 1962 futuro
892 1905 1171 1963 volumine
1205 1905 1378 1963 lector
1404 1918 1662 1983 expectet.

136 2044 146 2066 x
211 2014 222 2040 ¹
246 2012 393 2054 Habac.
420 2027 466 2063 ιι,
485 2021 532 2063 4;
552 2017 671 2056 Rom.
695 2029 726 2064 1,
757 2029 822 2065 17,
847 2021 883 2054 e!
907 2014 1041 2055 Galat.
1071 2028 1106 2053 v.
1130 2015 1168 2053 6.

358 2574 505 2612 ῈΙΝΙΒ
550 2573 687 2612 TOM1
735 2572 1032 2613 CENTESIMI
1077 2570 1365 2609 TRIGESIMI
1415 2569 1658 2609 sumna.
