2144 3808
404 317 624 357 coNTRA
665 301 1006 375 MAX1M1N'UM
1048 314 1488 375 AR1ANUM,L.1B
1538 320 1578 359 1.
1793 297 1868 379 75

143 396 355 465 dictum
383 411 462 457 est
512 421 527 454 ι
581 395 820 456 «Fuistis
863 398 1007 456 enim
1051 396 1347 477 aliquando
1393 400 1680 471 tenebrae,
1720 419 1869 458 nunc

48 517 52 521 ,
132 513 177 545 λ>>
203 501 380 545 autem
409 484 539 545 lux
525 506 583 544 m
611 482 908 545 Domin01.
934 513 958 538 ›>
984 485 1143 544 Unde
1175 499 1228 543 et
1252 485 1394 545 illud
1423 499 1550 544 est:
1587 488 1735 546 «Cui
1749 484 1869 547 vult

143 567 200 629 ›3'v
199 569 376 641 nubat
395 622 409 646 ,
444 587 659 632 tantum
690 574 752 638 in,
779 575 1071 634 Domin02.
1101 601 1127 627 ›>
1156 575 1283 633 Non
1306 574 1472 652 igitur
1501 573 1744 655 proferre
1772 596 1870 655 po-

142 662 294 720 tuisti
330 661 428 720 ubi
457 661 669 720 dictum
694 662 762 720 sit
783 709 798 734 ,
822 663 1007 721 Unum
1026 676 1154 720 sunt
1172 709 1185 733 ,
1210 663 1472 743 quoniam
1492 683 1605 720 non
1627 675 1706 720 est
1730 683 1862 734 una,

142 748 237 809 sed
265 749 475 809 diversa
501 750 805 808 substantia
840 772 853 806 ε
886 763 940 808 et
985 764 1170 809 tamen
1199 751 1257 808 in
1289 752 1526 809 obscuro
1559 749 1681 808 loco
1707 750 1869 812 nobis

142 839 434 919 subrepere
460 838 713 910 voluisti,
745 851 807 896 ut
831 838 1039 898 diceres
1074 840 1363 921 Apostolos
1401 860 1575 899 unum
1604 860 1712 896 esse
1740 859 1868 896 cum

142 929 307 985 Patre
328 939 380 984 et
408 926 546 984 Filio
566 974 581 998 ,
626 939 891 1007 tanquam
923 948 1096 985 unum
1125 941 1298 986 essent
1329 926 1579 1009 Apostoli
1618 939 1670 984 et
1708 929 1871 986 Pater
1934 970 1937 972 -

142 1027 195 1072 et
226 1013 393 1086 Filius
427 1037 440 1071 ε
474 1036 601 1073 cum
624 1014 1015 1095 Apostolorum
1045 1016 1404 1074 substantiam
1429 1014 1775 1074 manifestum
1804 1015 1872 1073 sit

144 1126 175 1161 a
202 1107 359 1162 Patre
389 1117 441 1162 et
468 1103 605 1162 Filio
634 1126 742 1162 esse
782 1105 1069 1164 diversam.
1122 1104 1228 1162 Sed
1257 1105 1517 1186 quoniam
1539 1151 1554 1176 ,
1587 1105 1665 1193 Ut
1690 1103 1796 1184 ipsi
1818 1116 1872 1160 et

141 1212 242 1250 nos
269 1213 441 1250 unum
485 1193 652 1251 simus
670 1240 685 1266 ,
728 1207 822 1252 aut
849 1194 1142 1252 nobiscum
1187 1193 1297 1252 sint
1345 1215 1549 1264 unum,
1598 1212 1869 1272 nusquam

145 1279 426 1339 Christum
454 1281 646 1340 dixisse
689 1281 1037 1341 manifestum
1066 1296 1187 1340 est.
1220 1296 1275 1341 te
1304 1303 1525 1364 quoque
1562 1281 1723 1339 nobis
1754 1301 1869 1359 res-

142 1367 387 1448 pondere
416 1391 525 1427 non
557 1370 838 1450 potuisse,
873 1384 926 1429 et
955 1369 1205 1428 fraudem
1228 1370 1406 1429 facere
1433 1370 1665 1453 voluisse
1688 1368 1871 1427 mani-

141 1456 337 1514 festum
367 1458 451 1517 sit.

224 1546 383 1604 XIII.
398 1546 585 1603 Tertio
602 1537 947 1604 decimoloco
965 1558 1014 1603 te
1027 1547 1366 1618 commonui,
1385 1567 1496 1604 non
1514 1544 1637 1603 ideo
1650 1545 1873 1605 Patrem

146 1631 283 1690 Filio
307 1653 416 1690 esse
441 1637 725 1708 majorem,
747 1634 878 1713 quia
910 1633 1276 1691 testimonium
1294 1634 1583 1714 perhibuit
1607 1633 1769 1689 Pater
1786 1629 1873 1687 Fi-

142 1718 237 1780 lio.
281 1721 421 1779 Nam
446 1733 499 1778 et
518 1720 823 1801 Prophetas
846 1720 894 1778 ei
915 1720 1281 1779 testimonium
1299 1719 1646 1801 perhibuisse
1660 1737 1873 1776 memo-

143 1807 284 1879 ravi,
305 1829 441 1889 quos
458 1813 692 1884 majores
713 1808 808 1867 illo
826 1829 935 1866 esse
954 1830 1066 1873 non
1089 1822 1244 1889 potes
1266 1808 1463 1866 dicere.
1488 1807 1708 1864 Dixeras
1729 1805 1873 1863 enim

144 1896 297 1976 quod
325 1896 488 1954 Pater
516 1896 654 1955 Filio
681 1896 1032 1977 perhibuerit
1054 1897 1456 1967 testimonium3
1488 1894 1640 1977 quod
1673 1893 1750 1953 sic
1775 1915 1874 1951 ac-

146 1985 300 2064 cepi,
335 1997 599 2067 tanquam
622 1985 757 2044 hinc
783 1986 900 2066 ipse
921 1987 1161 2067 probare
1177 1986 1414 2046 volueris
1431 2033 1446 2058 ,
1481 1983 1578 2043 illo
1608 1985 1700 2043 cui
1722 1983 1876 2042 testi-

144 2071 392 2148 monium
429 2073 751 2153 perhibuit,
797 2095 922 2132 eum
961 2096 1071 2133 esse
1119 2079 1386 2151 majorem
1434 2096 1448 2131 :
1483 2072 1575 2131 sed
1615 2072 1876 2154 quoniam

145 2160 449 2239 posteriore
476 2162 858 2242 prosecutione
887 2163 1022 2221 hinc
1051 2163 1275 2221 omnino
1297 2161 1550 2233 tacuisti,
1582 2159 1877 2219 taciturni-

146 2259 314 2307 tatem
344 2262 497 2308 tuam
520 2251 579 2309 in
605 2250 790 2311 locum
822 2252 1189 2310 consensionis
1227 2251 1412 2332 accepi
1455 2273 1469 2308 z
1503 2250 1600 2308 etsi
1627 2249 1744 2307 fieri
1768 2270 1878 2330 po-

148 2347 285 2407 test,
318 2350 380 2394 ut
402 2337 525 2396 ideo
572 2338 1082 2398 commemoraveris
1111 2340 1330 2397 Patrem
1373 2337 1506 2397 Filio
1533 2335 1878 2418 perhibuisse

150 2424 521 2483 testimonium
545 2473 559 2498 ,
609 2439 671 2484 ut
702 2426 837 2486 hinc
875 2427 1034 2485 illum
1081 2449 1190 2486 esse
1236 2424 1404 2486 alium
1428 2474 1443 2500 ,
1491 2426 1658 2486 istum
1695 2434 1878 2497 autem

151 2511 317 2572 alium
338 2560 352 2586 ‚
378 2533 490 2573 non
515 2527 576 2573 ut
601 2514 760 2573 illum
795 2516 898 2574 isto
924 2517 1186 2598 probares
1213 2524 1323 2576 esse
1363 2512 1645 2592 majorem.
1692 2513 1879 2572 Alium

150 2622 278 2663 vero
308 2623 417 2661 esse
444 2607 657 2661 Patrem
680 2650 694 2675 ,
743 2604 910 2663 alium
951 2626 1065 2663 esse
1096 2604 1296 2663 F1lium
1316 2651 1330 2675 ,
1369 2604 1630 2686 quoniam
1666 2623 1778 2659 non
1801 2612 1882 2658 est

150 2693 311 2748 Pater
331 2690 448 2771 ipse
472 2692 569 2772 qui
591 2687 758 2750 Filius
773 2739 788 2764 ,
817 2706 871 2750 et
894 2692 1048 2752 vobis
1070 2706 1123 2750 et
1147 2692 1306 2750 nobis
1328 2704 1517 2750 contra
1545 2687 1881 2749 Sabellianos

152 2791 232 2836 est
259 2777 459 2855 dogma
489 2801 797 2841 commune.
837 2781 923 2839 Illi
951 2782 1095 2839 enim
1136 2780 1366 2851 dicunt,
1408 2800 1520 2837 non
1552 2777 1753 2848 alium,
1790 2772 1882 2834 sed

152 2866 406 2925 eumdem
432 2866 632 2926 Filium
655 2890 765 2927 esse
785 2870 879 2950 qui
902 2884 980 2928 est
1009 2871 1212 2927 Pater:
1241 2891 1339 2927 nos
1361 2881 1543 2926 autem
1568 2865 1734 2925 alium
1764 2860 1884 2951 qui-

155 2953 279 3012 dem
303 2975 412 3012 esse
441 2955 695 3026 Patrem,
722 2969 773 3014 et
804 2957 973 3016 alium
1003 2956 1244 3026 Filium;
1280 2955 1371 3014 sed
1395 2966 1575 3014 tamen
1599 2952 1751 3037 quod
1779 2957 1887 3010 Pa-

154 3054 237 3100 ter
269 3055 377 3114 est,
412 3042 521 3101 hoc
550 3063 658 3100 esse
682 3002 923 3104 dicimus
949 3045 1168 3111 Filium.

238 3129 387 3188 XIV.
423 3129 633 3202 Quarto
664 3130 880 3190 decimo
911 3133 1033 3192 loco
1055 3132 1125 3192 ad
1148 3131 1287 3192 illud
1311 3129 1463 3214 quod
1484 3129 1725 3190 dixeras:
1750 3123 1892 3186 «Di-

218 3231 234 3262 1
254 3232 401 3288 Ephes.
420 3246 458 3284 v,
477 3235 516 3274 8.
536 3255 591 3265 —
607 3231 627 3262 2
648 3248 666 3274 1
687 3235 784 3279 Cor.
806 3249 881 3287 vn,
901 3238 970 3290 39.
