2144 3808
369 318 587 358 CONTRA
629 316 966 367 MAxmme
1009 315 1293 368 ΑΜΑΝυΜ,
1340 320 1451 359 mn.
1504 322 1572 360 11.
1743 303 1852 362 105

124 418 339 466 sanctus
359 424 471 460 non
495 400 564 458 de
599 397 780 478 aliqua
810 397 1058 466 materia,
1090 399 1178 456 vel
1198 397 1266 455 de
1288 398 1488 470 nihilo,
1521 400 1613 459 sed
1634 403 1762 462 inde
1781 418 1860 464 est

124 493 268 552 unde
284 486 551 571 procedit.
587 485 695 543 Vos
727 497 905 542 autem
937 507 1035 544 nec
1066 486 1262 544 Filium
1290 485 1358 544 de
1389 486 1570 545 Patris
1598 492 1859 555 substan-

14 617 21 626 ·
74 580 75 586 ’
126 583 198 640 tia
226 579 465 656 genitum
488 587 493 589 ’
514 574 678 635 vultis
700 620 714 645 ,
747 587 801 632 et
827 586 1010 632 tamen
1059 597 1184 634 eum
1223 596 1323 633 nec
1360 597 1420 633 ex
1448 576 1648 649 nihile,
1676 600 1776 638 nec
1796 601 1856 639 ex

126 669 307 748 aliqua
333 666 579 734 materia,
613 661 706 720 sed
739 683 801 720 ex
829 667 992 720 Patre
1024 684 1134 722 esse
1169 662 1487 722 conceditis,
1522 665 1634 724 Nec
1661 666 1859 725 videtis

67 752 73 762 ''
123 778 290 838 quam
315 775 527 813 necesse
553 753 642 824 sit,
676 764 737 810 ut
759 751 857 832 qui
882 774 994 810 non
1017 766 1095 811 est
1116 775 1177 811 ex
1203 752 1416 824 nihilo,
1441 775 1553 812 non
1574 767 1654 813 est
1671 777 1732 813 ex
1755 756 1861 815 ali-

126 867 233 926 qua
255 865 312 902 re
356 842 478 912 alia,
513 841 606 899 sed
640 862 701 899 ex
732 842 870 911 De0,
899 841 1003 900 nisi
1035 863 1096 900 ex
1125 844 1226 900 Dei
1255 842 1566 929 substantia
1611 866 1719 902 esse
1747 866 1861 903 non

126 933 316 1015 possit,
367 945 419 990 et
440 931 550 989 hoc
578 951 686 988 esse
717 929 866 1010 quod
913 932 1058 989 Deus
1087 945 1167 990 est
1219 931 1288 990 de
1335 953 1446 1012 quo
1471 945 1570 1004 est,
1601 933 1711 991 hoc
1756 948 1859 1004 est,

127 1023 274 1079 Deus
291 1020 358 1078 de
380 1022 507 1078 Deo.
532 1018 806 1091 Ouocirca
832 1020 970 1077 Deus
994 1019 1070 1078 de
1096 1022 1212 1079 Deo
1232 1034 1413 1093 natuS,
1436 1020 1563 1101 quia
1581 1043 1692 1080 non
1713 1021 1868 1081 aliud.

125 1110 278 1191 prius
297 1108 424 1178 fuit,
457 1107 549 1165 sed
576 1119 770 1165 natura
792 1120 1064 1166 coaeterna
1095 1107 1164 1167 (16
1202 1111 1312 1167 Deo
1334 1121 1436 1180 est,
1469 1131 1589 1168 non
1612 1123 1690 1168 est
1715 1108 1866 1169 aliud

124 1219 219 1279 qu
206 1219 290 1255 am
322 1210 400 1255 est
430 1195 519 1254 ille
552 1194 620 1253 de
648 1216 758 1275 quo
774 1209 882 1266 est,
911 1196 1023 1255 hoc
1052 1210 1153 1268 est,
1186 1198 1345 1256 unius
1375 1198 1730 1279 ejusdemque
1760 1221 1864 1257 na-

123 1299 284 1357 turae,
319 1285 405 1344 vel
444 1285 604 1343 unius
639 1242 988 1366 ejusdenique
1012 1287 1349 1345 substantiae.
1402 1286 1571 1360 Quod
1600 1309 1729 1346 cum
1761 1308 1864 1346 au-

129 1374 279 1445 ditis,
306 1373 463 1455 quale
491 1395 585 1431 cor
606 1374 1084 1450 habeatisignoro,
1105 1376 1428 1457 quiputatis
1441 1398 1538 1434 nos
1562 1376 1639 1435 sic
1664 1376 1864 1434 Filium

126 1463 304 1521 dicere
320 1476 509 1520 natum
531 1483 638 1520 esse
657 1462 725 1520 de
743 1465 927 1534 Patre,
955 1465 1235 1544 quomodo
1251 1478 1552 1524 nascuntur
1567 1465 1636 1524 de
1654 1486 1865 1546 corpo·-

42 1572 48 1579 ·
127 1551 281 1609 ribus
297 1572 557 1631 corpora:
579 1551 908 1630 etquoniam
940 1554 1377 1633 corruptibiliter
1407 1554 1510 1612 ista
1536 1566 1862 1624 nascuntur,

132 1641 394 1698 accusatis
416 1636 527 1697 nos‘
542 1651 802 1718 tanquam
817 1640 1164 1717 generationi
1181 1641 1483 1716 Unigeniti,
1515 1661 1642 1721 quae
1665 1640 1733 1699 de
1753 1642 1867 1699 Pa-

131 1742 212 1787 tre
224 1727 651 1808 estcorporalem
670 1727 974 1808 passionem
998 1730 1521 1810 corruptionemque
1536 1729 1860 1787 tribuamus,

135 1818 463 1877 Carnalibus
497 1817 710 1897 quippe
742 1817 1168 1892 cogitationibus
1196 1818 1345 1899 pleni
1379 1818 1742 1877 substantiam
1767 1816 1867 1875 Dei

132 1906 200 1964 de
223 1928 275 1964 se
302 1907 418 1982 ipsa
450 1906 665 1981 gignere
692 1927 847 1985 posse
867 1906 1067 1964 Filium
1091 1929 1203 1965 non
1231 1908 1460 2006 putatis,
1491 1908 1596 1966 nisi
1627 1907 1738 1965 hoc
1762 1928 1868 1986 pa-

133 2007 302 2053 tiatur
314 1994 469 2075 quod
485 1994 789 2052 substantia
803 1994 1028 2075 quando
1057 1996 1229 2072 gignit
1243 1997 1459 2076 patitur
1483 1995 1680 2055 carnis,
1711 2021 1736 2047 α
1750 1996 1870 2052 Er-

134 2110 162 2137 »
187 2084 351 2153 ratis,
389 2105 499 2141 non
524 2082 748 2140 scientes
777 2082 1113 2164 ScripturaS,
1151 2107 1326 2174 neque
1347 2086 1605 2143 viltutem
1636 2082 1788 2142 Dei1
1797 2129 1810 2142 .

139 2172 374 2246 Quando
424 2172 598 2248 legitis
643 2194 657 2228 ε
717 2198 742 2224 «
774 2171 848 2229 Ut
898 2173 1063 2231 simus
1114 2174 1172 2232 in
1217 2196 1344 2233 vero
1395 2174 1532 2232 Filio
1587 2177 1702 2248 ejus
1743 2173 1874 2230 Jesu

139 2288 166 2316 ›>
196 2261 472 2320 Christo2
499 2283 514 2318 ι
544 2287 570 2315 »
596 2281 789 2319 verum
838 2261 937 2318 Dei
970 2261 1169 2320 Filium
1202 2263 1453 2339 cogitate.
1490 2267 1658 2320 Hunc
1689 2273 1874 2319 autem

141 2349 340 2407 Filium
389 2348 542 2406 nullo
584 2347 750 2406 modo
780 2368 968 2406 verum
999 2349 1099 2408 Dei
1133 2350 1334 2409 Filium
1373 2351 1643 2427 cogitatiS,
1672 2349 1718 2408 si
1744 2369 1871 2407 eum

95 2482 97 2484 .
139 2451 330 2496 natum
355 2458 463 2494 esse
498 2436 565 2494 de
594 2437 901 2495 substantia
926 2438 1104 2495 Patris
1147 2440 1369 2515 negatis,
1415 2440 1561 2498 Num
1590 2438 1735 2498 enim
1756 2442 1874 2513 jam

140 2539 254 2585 erat
283 2525 524 2584 bominis
549 2524 717 2596 filius,
750 2538 804 2582 et
832 2528 948 2584 Deo
976 2526 1214 2585 donante
1241 2527 1419 2588 factus
1441 2542 1520 2587 est
1543 2528 1646 2587 Dei
1674 2526 1872 2593 Filius;

141 2636 201 2674 ex
230 2617 345 2674 Deo
375 2612 598 2694 quidem
629 2626 820 2684 natUS,
854 2614 946 2672 sed
971 2615 1142 2690 gratia
1162 2662 1175 2687 ,
1218 2637 1331 2674 non
1355 2618 1585 2675 natura?
1622 2616 1708 2673 An
1734 2613 1874 2672 forte

144 2704 361 2762 etsinon
374 2700 616 2760 hominis
635 2701 825 2773 Filius,
852 2715 1035 2760 tamen
1058 2703 1239 2784 aliqua
1254 2708 1370 2779 jam
1403 2718 1519 2763 erat
1543 2703 1875 2785 qualiscum-

147 2813 254 2873 que
285 2803 623 2862 creatura,et
639 2790 698 2848 in
712 2790 814 2848 Dei
841 2791 1038 2850 Filium
1065 2794 1180 2851 Deo
1202 2806 1448 2852 mutante
1474 2814 1736 2852 conversa
1766 2794 1876 2850 est?

150 2883 204 2942 Si
235 2879 377 2939 nihil
402 2878 630 2951 horum,
664 2901 790 2957 ergo
814 2893 908 2939 aut
928 2880 995 2940 de
1026 2882 1202 2941 nihilo
1221 2896 1315 2941 aut
1335 2882 1403 2941 de
1425 2881 1607 2963 aliqua
1632 2882 1882 2940 substan-

146 2971 218 3029 tia
238 2982 396 3027 natus
422 2980 516 3026 est.
551 2966 658 3025 Sed
685 2989 751 3025 ne
783 2969 1121 3029 crederemus
1167 2970 1235 3029 de
1284 2970 1460 3028 nihilo
1494 2991 1606 3029 esse
1640 2969 1740 3028 Dei
1771 2968 1867 3027 Fi-

147 3059 282 3117 lium
315 3079 412 3116 vos
438 3069 656 3137 putare,
682 3061 801 3131 jam
826 3080 926 3117 nos
957 3060 1027 3118 ab
1049 3061 1150 3118 ista
1189 3059 1559 3119 sollicitudine
1591 3058 1875 3118 liberasti:

151 3145 431 3206 affirmasti
458 3146 602 3204 enim
630 3165 742 3202 uon
765 3166 860 3205 vos
884 3146 1088 3221 dicere,
1111 3147 1180 3208 de
1208 3147 1386 3208 nihilo
1404 3169 1514 3208 esse
1535 3147 1637 3207 Dei
1655 3145 1874 3206 Filium.

217 3250 227 3280 ¹
255 3247 527 3302 Matth.xx11‚
555 3261 623 3301 29.
642 3270 692 3301 ,-
713 3245 733 3275 ²
761 3262 776 3287 x
804 3251 925 3292 Joan.
949 3263 988 3299 v,
1007 3264 1076 3295 20.
