2144 3808
360 235 438 314 96
896 255 939 295 s.
992 256 1298 297 Aueusrlm
1345 257 1604 300 Episcom

353 358 468 395 non
491 335 720 395 timuisti
743 349 825 394 tot
845 358 1273 398 commemorare
1293 341 1553 400 virtutes?
1578 341 1650 398 Ut
1671 341 1816 400 enim
1840 343 2089 413 omittam

357 438 596 507 quatuor
624 446 758 506 quas
778 424 901 484 loco
925 427 1203 507 superiore
1224 429 1485 509 posuisti,
1514 443 1567 488 et
1592 429 1723 490 alias
1748 444 1986 512 quatuor
2008 434 2090 493 di-

357 536 481 574 cam
498 561 512 586 ,
545 536 682 596 quas
702 516 987 574 enuntiare
1007 516 1218 583 usitatis
1246 519 1567 594 nominibus
1589 521 1860 599 possimus
1891 544 1904 579 :
1930 543 2091 581 num-

359 604 498 686 quid
521 604 739 663 bonitas
770 617 823 661 et
850 604 1116 684 sapientia
1145 619 1199 663 et
1233 605 1519 665 clementia
1547 622 1600 666 et
1626 611 1871 689 potentia
1910 625 2093 692 partes

359 705 489 750 sunt
510 692 672 750 unius
697 691 915 750 virtutis
932 738 947 763 ‚
974 714 1142 773 quam
1161 693 1466 774 simplicem
1488 717 1597 754 esse
1621 697 1841 756 dixisti?
1867 701 1924 757 Si
1947 700 2092 759 dixe-

359 781 435 838 ris
451 826 466 851 ,
500 792 681 860 partes
709 792 837 837 sunt
861 801 875 836 ε
903 779 1131 860 simplex
1154 803 1280 857 ergo
1302 781 1477 841 virtus
1500 806 1558 842 ex
1584 786 1834 866 partibus
1855 801 2087 860 constat2

359 882 413 926 et
443 868 670 948 simplex
693 867 794 926 ista
827 867 1000 926 virtus
1029 882 1082 927 te
1107 869 1399 928 definiente
1433 893 1572 931 unus
1596 887 1674 931 est
1703 875 1865 934 Deus,
1908 876 2091 934 Unum

356 958 485 1034 ergo
505 959 680 1015 Deum
705 978 764 1014 ex
785 957 1038 1037 partibus
1060 959 1430 1039 compositum
1453 984 1561 1020 esse
1584 962 1760 1022 dicis?
1795 966 1917 1021 Non
1939 964 2088 1035 dico,

355 1046 575 1128 inquis?
611 1046 734 1104 Non
765 1060 893 1104 sunt
933 1069 1060 1124 ergo
1101 1062 1284 1129 partes
1314 1071 1327 1106 :
1357 1064 1409 1108 et
1441 1064 1622 1110 tamen
1649 1066 1890 1134 quatuor
1932 1067 2088 1125 sunt,

357 1148 411 1193 et
440 1156 548 1193 una
576 1137 751 1195 virtus
777 1148 884 1207 est,
918 1135 1219 1219 eademque
1251 1138 1478 1220 simplex
1505 1155 1600 1201 est.
1649 1142 1706 1199 Si
1738 1164 1864 1219 ergo
1893 1142 1952 1201 in
1980 1155 2095 1201 ‘una

356 1224 536 1282 Patris
562 1246 794 1306 persona
813 1271 828 1296 ,
861 1238 915 1283 et
944 1225 1104 1306 plura
1137 1227 1378 1299 i11veni5‚
1413 1242 1665 1309 etpartes
1696 1252 1804 1288 non
1833 1230 2043 1289 invenis
2074 1252 2088 1289 :

357 1326 565 1394 quanto
584 1313 755 1390 magis
781 1314 942 1372 Pater
966 1328 1021 1372 et
1044 1315 1213 1373 Filius
1235 1329 1291 1373 et
1308 1317 1546 1396 Spiritus
1567 1333 1784 1376 sanctus
1807 1365 1821 1389 ,
1851 1332 1903 1376 et
1924 1340 2094 1399 prop·

357 1400 798 1459 terindividuam
825 1401 1082 1460 deitatem
1109 1424 1251 1461 unus
1273 1405 1419 1462 Deus
1441 1418 1551 1476 est,
1580 1420 1632 1463 et
1656 1419 1887 1486 propter
1909 1409 2091 1465 unius-

355 1494 626 1570 cujusque
649 1490 1183 1571 proprietatem,tres
1202 1513 1452 1573 personae
1473 1508 1629 1566 sunt,
1657 1509 1709 1553 et
1738 1509 1966 1576 propter
1987 1495 2093 1565 sin-

354 1579 609 1657 gulorum
638 1578 1030 1660 perfectionem
1061 1594 1245 1661 partes
1267 1582 1430 1640 unius
1460 1584 1560 1640 Dei
1588 1605 1695 1641 non
1722 1589 1886 1643 suut?
1911 1584 2094 1643 Virtus

343 1659 434 1725 ¹est
475 1669 666 1738 Pater,
713 1666 886 1725 virtus
933 1667 1103 1726 Filius
1126 1715 1141 1740 ,
1175 1669 1349 1727 virtus
1395 1671 1632 1750 Spiritus
1679 1685 1916 1731 sanetus,
1970 1673 2093 1731 Hoc

352 1777 543 1816 verum
576 1755 714 1814 dicis
743 1778 757 1813 :
793 1755 886 1814 sed
924 1757 1077 1837 quod
1116 1758 1373 1816 virtutem
1410 1759 1479 1817 de
1503 1761 1706 1818 virtute
1735 1763 1970 1837 genitam
1995 1807 2010 1831 ,
2041 1774 2094 1819 et

263 1852 278 1857 ‘
355 1845 627 1923 virtutem*
646 1845 714 1904 de
737 1845 939 1903 virtute
961 1847 1346 1926 procedentem
1379 1870 1487 1906 non
1513 1849 1591 1907 vis
1612 1849 1857 1907 eamdem
1890 1849 2094 1907 habere

356 1947 611 1993 naturam
631 1979 647 2002 ‚
679 1932 789 1991 hoc
824 1933 1021 1992 falsum
1051 1934 1219 2010 dieis,
1254 1937 1364 1995 hoc
1388 1949 1579 1995 contra
1609 1937 1777 1995 fidem
1807 1950 2012 1996 rectam
2041 1951 2095 1996 et

357 2022 688 2083 catholicam
722 2021 878 2084 dicis,

441 2114 541 2173 XI.
591 2111 758 2173 Redis
797 2125 859 2171 ut
899 2134 1115 2193 quaeras
1146 2136 1176 2172 a
1223 2135 1341 2186 me,
1377 2115 1658 2195 quomodo
1701 2115 1770 2173 sit
1807 2114 2096 2174 invisibilis

356 2203 565 2274 FiliuS,
596 2200 744 2260 unde
767 2200 885 2278 jam
916 2202 1030 2260 dixi
1066 2202 1319 2284 superius
1341 2250 1355 2274 ‚
1397 2203 1547 2284 quod
1586 2205 1760 2262 visum
1794 2217 1872 2262 est
1900 2203 2094 2262 dicen—

357 2292 512 2352 dum.
547 2290 654 2349 Sed
679 2318 704 2344 «
727 2292 888 2355 Sixob
918 2291 1061 2362 hoe,
1094 2293 1309 2372 inquiS‚
1341 2293 1508 2350 Filius
1532 2293 1822 2352 invisibilis
1847 2306 1947 2352 ate
1966 2315 2095 2373 pro-

360 2381 669 2450 nuntiatur,
687 2401 750 2437 eo
767 2379 915 2460 quod
935 2379 1107 2438 oculis
1126 2379 1381 2439 humanis
1394 2381 1758 2462 contemplari
1777 2402 1883 2439 non
1900 2382 2089 2461 possit,

360 2490 461 2528 cur
478 2490 590 2527 non
603 2481 656 2526 et
672 2467 919 2526 coelestes
940 2468 1179 2526 Virtutes
1202 2469 1407 2550 pariter
1425 2469 1725 2527 invisibiles
1741 2470 2087 2550 pronuntiem,

361 2557 586 2640 quando
618 2578 719 2615 nec
762 2558 897 2638 ipsae
939 2557 1229 2616 obtutibus
1261 2558 1516 2616 humanis
1561 2557 1735 2616 videri
1762 2562 2031 2638 possunt?
2066 2585 2093 2612 »

364 2649 450 2707 lta
478 2647 588 2706 hoc
613 2646 778 2719 dicis,
804 2647 961 2728 quasi
990 2647 1162 2728 possit
1191 2647 1262 2705 ab
1288 2647 1513 2704 homine
1545 2646 1942 2727 comprehendi
1971 2647 2094 2728 quis

361 2735 454 2794 ille
481 2734 551 2793 sit
576 2733 802 2805 modu8,
823 2755 934 2815 quo
956 2733 1199 2793 coelestes
1227 2734 1467 2792 Virtutes
1488 2748 1616 2792 sunt
1643 2734 1973 2804 invisibiles3
1999 2748 2094 2793 aut

364 2823 434 2881 ad
455 2823 566 2881 hoc
589 2822 950 2902 quaerendum
975 2845 1082 2882 esse
1105 2823 1399 2882 debeamus
1415 2823 1610 2881 intenti
1627 2871 1641 2893 ‚
1671 2823 1886 2882 dicente
1907 2824 2093 2905 Scrip-

360 2925 483 2969 tura
511 2932 526 2968 :
560 2936 586 2962 «
612 2910 820 2968 Altiora
848 2924 898 2969 te
921 2933 988 2969 ne
1007 2910 1340 2993 quaesieris1.
1372 2939 1397 2964 »
1420 2911 1585 2984 Quod
1610 2926 1951 2993 praeceptum
1974 2910 2091 2992 ipse

359 3011 741 3068 contemnem,
768 3019 927 3057 ausus
953 3021 1007 3057 es
1035 2999 1217 3059 dicere
1247 2999 1510 3077 Angelum
1542 3000 1714 3059 videri
1742 3001 1814 3059 ab
1842 2999 2090 3059 Archan-

360 3086 477 3167 gelo
494 3132 510 3160 ,
537 3086 943 3164 Archangelum
969 3089 1038 3147 ab
1061 3089 1266 3166 Angelo
1287 3111 1398 3150 non
1427 3088 1618 3151 videri.
1653 3089 1792 3150 Satis
1819 3089 1910 3163 sit,
1937 3087 2090 3170 quod

421 3194 437 3223 ¹
463 3191 584 3235 Eccli.
607 3205 676 3238 ιιι,
695 3204 768 3235 22.
