2144 3808
326 263 446 342 274
850 276 898 315 s-
951 275 1257 317 Aneusrrm
1301 276 1556 318 Emscom

325 377 389 423 ut
414 363 472 422 in
494 361 570 421 eis
598 381 723 443 quae
749 358 1023 441 producta
1054 374 1182 419 sunt
1209 361 1290 421 vis
1323 361 1415 419 illa
1454 376 1779 445 consumpta
1812 367 1881 425 sit
1912 386 1926 426 ε
1954 370 2047 430 sed

321 453 647 536 plerumque
663 450 860 510 desunt
874 471 1131 527 congruae
1144 465 1697 532 temperamentorum
1714 457 2041 532 occasiones,

322 543 528 628 qulbus
553 553 877 622 erumpant,
906 554 961 599 et
992 542 1195 622 species
1228 563 1352 600 suas
1394 558 1674 623 peragant.
1718 547 1869 605 Ecce
1901 549 2046 607 enim

318 631 672 697 brevissimus
694 629 944 688 surculus
965 650 1145 688 semen
1176 643 1288 702 est,
1325 653 1449 688 nam
1485 634 1868 694 convenienter
1889 658 2053 696 man-

321 723 484 783 datus
511 733 672 780 terrae
703 719 949 779 arborem
979 719 1130 780 facit.
1160 715 1342 797 Hujus
1366 734 1546 780 autem
1569 724 1773 783 surculi
1795 726 2052 786 subtilius

319 833 504 875 semen
523 807 749 891 aliquod
773 809 1014 887 ejusdem
1036 811 1243 887 generis
1266 832 1493 888 granum
1520 825 1632 886 est,
1665 827 1719 872 et
1741 814 1857 874 huc
1881 836 2052 897 usque

318 901 481 964 nobis
503 897 734 960 visibile.
773 904 1027 958 jamvero
1056 899 1224 979 hujus
1252 901 1415 959 etiam
1452 903 1605 978 grani
1633 925 1814 963 semen
1848 925 2051 986 quam-

315 991 401 1053 vis
444 987 617 1048 oculis
663 986 846 1047 videre
893 1008 1230 1068 nequeamus
1247 1033 1262 1055 ,
1310 990 1518 1048 ratione
1562 1004 1742 1050 tamen
1782 993 2053 1068 conjicere

315 1100 606 1164 possumus
630 1100 645 1136 ε
674 1077 806 1158 quia
826 1077 931 1135 nisi
958 1077 1080 1135 talis
1101 1077 1286 1158 aliqua
1308 1079 1389 1136 vis
1416 1094 1550 1138 esset
1578 1081 1637 1138 in
1668 1082 1785 1140 istis
1808 1082 2050 1141 elemen-

312 1171 382 1229 tis
401 1216 417 1241 ,
439 1190 551 1228 non
572 1165 898 1247 plerumque
921 1180 1274 1225 nascerentur
1295 1188 1355 1225 ex
1376 1180 1517 1226 terra
1540 1190 1668 1249 quae
1690 1170 1771 1229 ibi
1792 1172 2051 1230 seminata

313 1279 428 1318 non
453 1268 659 1324 essent;
690 1275 790 1313 nec
821 1252 1076 1313 animalia
1109 1268 1222 1313 tam
1251 1255 1424 1315 multa
1447 1304 1462 1330 ‚
1497 1258 1652 1317 nulla
1680 1260 1915 1319 marium
1937 1259 2051 1320 foe-

311 1348 699 1426 minarumque
718 1342 1104 1402 commixtione
1121 1345 1467 1425 praecedente
1488 1392 1502 1418 ‚
1525 1347 1634 1405 sive
1658 1349 1715 1406 in
1745 1363 1881 1407 terra
1897 1394 1912 1421 ‚
1941 1350 2053 1409 sive

311 1436 372 1496 in
402 1456 573 1517 aqua,
621 1454 748 1515 quae
776 1446 958 1491 tamen
1004 1449 1257 1494 crescunt
1286 1449 1340 1494 et
1373 1436 1625 1496 coeundo
1660 1438 1761 1498 alia
1799 1439 2047 1520 pariunt,

313 1546 444 1586 cum
466 1524 560 1584 illa
582 1522 749 1584 nullis
778 1523 1105 1582 coeuntibus
1134 1526 1458 1606 parentibus
1493 1540 1613 1585 orta
1642 1527 1767 1588 sint.
1814 1529 1883 1586 Et
1908 1540 2052 1587 certe

315 1636 442 1696 apes
469 1612 674 1672 semina
702 1611 943 1671 filiorum
979 1634 1092 1671 non
1127 1614 1378 1673 coeundo
1410 1617 1772 1697 concipiunt,
1808 1616 1901 1676 sed
1923 1630 2053 1675 tan·-

311 1711 482 1786 quam
505 1723 692 1783 sparsa
723 1719 823 1782 per
851 1714 1020 1760 terras
1047 1724 1138 1761 ore
1165 1703 1451 1782 colligunt.
1499 1706 1865 1765 Invisibilium
1905 1708 2051 1765 enim

311 1792 581 1852 seminum
612 1803 855 1861 creator,
887 1791 1005 1872 ipse
1035 1806 1247 1850 creator
1271 1807 1351 1851 est
1388 1792 1635 1852 omniurn
1657 1816 1837 1854 rerum
1865 1817 1878 1852 ε
1903 1816 2052 1877 quo-

310 1882 459 1941 niam
485 1901 852 1962 quaecumque
879 1882 1155 1939 nascendo
1183 1883 1247 1940 ad
1277 1883 1466 1942 oculos
1495 1898 1709 1943 nostros
1736 1899 1958 1957 exeunt,
1990 1906 2051 1943 ex

311 1969 542 2030 occultis
564 1969 862 2029 seminibus
891 1969 1174 2050 accipiunt
1205 1971 1594 2051 progrediendi
1625 1973 1963 2054 primordia,
1997 1985 2052 2031 et

307 2061 643 2122 incrementa
666 2058 867 2117 debitae
892 2060 1287 2136 magnitudinis
1316 2061 1801 2144 distinctionesque
1838 2062 2050 2122 forma-

307 2171 433 2210 rum
458 2149 530 2208 ab
554 2146 913 2224 originalibus
934 2160 1200 2231 tanquam
1231 2150 1430 2227 regulis
1464 2165 1707 2212 sumunt.
1744 2152 1901 2210 Sicut
1923 2171 2052 2228 ergo

309 2261 412 2301 nec
438 2250 690 2321 parentes
715 2236 953 2296 dicimus
981 2253 1250 2298 creatores
1280 2240 1574 2321 hominum
1597 2287 1612 2313 ‚
1644 2262 1745 2300 nec
1789 2240 2051 2318 agricolas

311 2343 578 2390 creatores
607 2326 830 2404 frugum
851 2375 866 2400 ‚
900 2331 1150 2410 quamvis
1184 2351 1372 2389 eorum
1417 2333 1744 2390 extrinsecus
1784 2330 2050 2390 adhibitis

310 2420 554 2480 motibus
575 2418 678 2477 ista
698 2417 936 2477 creanda
959 2419 1060 2477 Dei
1076 2420 1250 2478 virtus
1268 2421 1495 2479 interius
1517 2434 1811 2502 operetur:
1840 2421 1915 2479 ita
1938 2440 2048 2478 non

309 2510 488 2571 solum
518 2507 689 2567 malos
710 2555 724 2582 ,
759 2507 853 2567 sed
882 2529 984 2567 nec
1014 2509 1191 2569 bonos
1220 2510 1436 2587 angelos
1456 2509 1537 2569 fas
1571 2524 1652 2569 est
1679 2524 1879 2590 putare
1902 2530 2049 2568 crea-

310 2615 454 2660 tores
475 2647 491 2673 ,
541 2598 586 2658 si
612 2619 718 2680 pro
761 2598 1065 2658 subtilitate
1093 2601 1176 2659 sui
1213 2620 1396 2659 sensus
1437 2613 1491 2657 et
1520 2600 1771 2680 corporis
1794 2646 1808 2671 ,
1843 2599 2048 2656 semina

307 2711 494 2751 rerum
515 2688 743 2748 istarum
767 2687 930 2746 nobis
960 2689 1263 2748 occultiora
1289 2701 1593 2759 noverunt,
1623 2701 1675 2746 et
1695 2709 1755 2746 ea
1780 2709 1881 2768 per
1907 2708 2047 2746 con-

310 2801 471 2858 gruas
490 2776 910 2860 temperationes
932 2777 1323 2836 elementorum
1357 2777 1589 2835 latenter
1623 2789 1923 2858 spargunt,
1958 2790 2047 2835 at-

310 2890 417 2951 que
443 2868 521 2928 ita
541 2865 939 2944 gignendarum
958 2889 1139 2926 rerum
1164 2881 1217 2926 et
1245 2866 1723 2925 accelerandorum
1747 2867 2046 2924 incremen-

307 2972 493 3021 torum
540 2957 798 3037 praebent
848 2957 1175 3017 occasiones,
1240 2955 1347 3014 Sed
1394 2978 1495 3015 nec
1556 2956 1691 3014 boni
1737 2956 1891 3027 haec,
1941 2953 2045 3012 nisi

308 3059 577 3129 quantum
610 3047 752 3103 Deus
773 3046 967 3120 jubet,
1003 3068 1103 3105 nec
1126 3045 1252 3104 mali
1279 3046 1404 3104 haec
1440 3047 1638 3122 injuste
1663 3045 1906 3113 faciunt,
1940 3042 2044 3101 nisi

307 3148 578 3219 quantum
599 3138 744 3209 juste
767 3133 884 3213 ipse
905 3135 1193 3214 permittit.
1232 3135 1370 3192 Nam
1403 3134 1580 3214 iniqui
1607 3132 1811 3191 malitia
1838 3130 2042 3191 volun-

294 3239 469 3286 tatem
499 3238 653 3281 suam
682 3220 850 3281 habet
895 3223 1190 3298 injustam,
1227 3235 1561 3305 potestatem⁸
1589 3234 1768 3297 autem
1801 3241 1912 3280 non
1938 3218 2041 3278 nisi
