2144 3808
588 330 1022 384 nummum-un,
1070 330 1184 373 mn.
1236 335 1277 373 ι.
1320 306 1324 310 ’
1702 340 1815 402 207

88 440 116 470 »
145 437 243 493 ego
260 416 473 493 rogabo
501 415 740 474 Patrem.
766 414 891 493 Ipse
913 413 1060 472 enim
1076 413 1241 480 Pater
1266 427 1413 473 amat
1432 434 1550 489 vos,
1570 421 1701 500 quia
1722 443 1821 483 vos

89 531 117 559 >2
144 518 230 564 me
256 504 471 564 amastis
492 549 508 575 ‚
531 515 585 561 et
614 500 920 560 credidistis
940 501 1070 582 quia
1095 523 1125 560 a
1148 502 1264 560 Deo
1295 503 1449 563 exivi.
1482 506 1635 564 Exivi
1658 531 1687 566 a
1707 510 1820 569 Pa-

92 619 120 646 »
142 605 264 663 >tre,
292 604 346 650 et
371 590 495 652 veni
522 594 580 648 in
621 590 775 647 hunc
806 589 1079 648 mundum
1110 610 1124 646 ε
1158 589 1359 647 iterum
1387 590 1636 673 relinquo
1663 616 1821 653 mun-

88 706 115 734 »
143 680 300 751 dum,
331 692 385 737 et
412 677 552 739 vado
583 676 652 736 ad
682 682 914 737 Patrem.
947 703 975 730 >2
999 676 1151 748 Quid
1176 689 1256 734 est
1283 699 1297 734 ε
1333 703 1360 730 (ι
1380 679 1622 739 Α,Ρειῐτθ
1659 682 1820 754 exivi,

87 768 192 828 nisi
217 789 329 827 non
358 768 417 827 in
442 789 502 826 ea
533 766 711 826 forma
734 787 860 846 quae
897 765 1122 846 aequalis
1150 787 1270 824 sum
1317 766 1492 836 Patri,
1525 768 1618 826 sed
1643 770 1818 845 aliter,

87 856 147 914 id
172 869 272 926 est,
296 857 354 913 in
371 868 647 934 assumpta
671 867 921 912 creatura
943 855 1124 912 minor
1153 853 1389 934 apparui
1409 858 1432 912 P
1459 857 1530 912 Et
1556 856 1692 935 quid
1714 871 1819 916 est:

90 944 283 1004 «veni
302 944 362 1002 in
390 943 544 1001 hunc
574 940 867 1014 mundum,
899 968 927 995 ›>
949 942 1052 1000 nisi
1073 941 1304 1000 formam
1337 942 1498 1014 servi,
1544 966 1709 1025 quam
1739 968 1826 1006 me

89 1031 398 1091 exinaniens
431 1033 642 1111 accepi,
670 1031 832 1088 etiam
856 1043 1213 1110 peccatorum
1235 1031 1333 1112 qui
1369 1030 1642 1091 mundum
1663 1035 1829 1107 istum

92 1119 356 1195 diligunt,
391 1118 564 1178 oculis
589 1118 995 1178 demonstravi?
1023 1120 1093 1187 Et
1136 1119 1276 1198 quid
1305 1132 1416 1177 est:
1446 1146 1472 1172 <‹
1502 1121 1708 1180 Iterum
1737 1144 1829 1195 re-

91 1233 121 1261 »
148 1206 340 1286 linquo
385 1206 659 1265 mundum
681 1253 695 1278 ‚
734 1234 760 1260 ›>
787 1208 891 1265 nisi
920 1207 990 1265 ab
1022 1221 1247 1287 aspectu
1277 1206 1602 1267 delictorum
1633 1210 1831 1270 mundi

94 1294 278 1354 aufero
301 1295 451 1375 quod
476 1295 770 1354 viderunt?
806 1297 876 1353 Et
894 1294 1029 1376 quid
1055 1308 1167 1354 est:
1198 1321 1226 1348 (ι
1247 1294 1402 1354 Vado
1426 1296 1496 1354 ad
1517 1298 1771 1356 Patrem:
1800 1324 1827 1352 >2

92 1382 219 1454 nisi,
247 1382 417 1441 doceo
436 1383 606 1441 mesic
626 1382 1038 1458 intelligendum
1057 1406 1082 1441 a
1103 1383 1360 1441 fidelibus
1381 1385 1827 1466 meis,quomodo

101 1472 328 1551 aequalis
360 1493 480 1530 sum
508 1473 693 1530 Patri?
724 1473 847 1530 Hoc
874 1473 971 1553 qui
996 1471 1257 1543 credunt,
1291 1471 1445 1548 digni
1471 1472 1831 1533 habebuntur

94 1558 327 1640 perduci
357 1582 388 1616 a
416 1559 525 1619 fide
574 1558 644 1617 ad
669 1559 906 1639 speciem
930 1605 945 1630 ,
977 1559 1036 1618 id
1065 1573 1180 1631 est,
1237 1559 1307 1617 ad
1334 1560 1510 1639 ipsam
1542 1561 1826 1634 visionem,

95 1668 207 1728 quo
242 1647 546 1726 perducens
576 1646 757 1705 dictus
790 1658 868 1704 est
914 1647 1124 1705 tradere
1167 1668 1395 1722 regnum
1426 1651 1543 1718 Deo
1572 1662 1625 1721 et
1648 1650 1821 1725 Patri.

99 1733 308 1798 Fideles
330 1734 538 1815 quippe
559 1738 673 1810 ejus
700 1755 835 1814 quos
861 1732 1092 1793 redemit
1110 1735 1369 1810 sanguine
1394 1756 1515 1806 SUO,
1535 1735 1672 1794 dicti
1699 1751 1825 1811 sunt

97 1844 326 1899 regnum
361 1828 496 1899 erS,
533 1845 636 1903 pro
667 1824 871 1904 quibus
902 1845 1052 1881 nunc
1095 1823 1437 1904 interpellat:
1487 1837 1621 1883 tunc
1652 1840 1831 1885 autem

98 1910 211 1971 illic
237 1932 325 1971 eos
354 1911 461 1969 sibi
486 1909 689 1970 faciens
716 1911 1006 1985 inhaerere,
1037 1912 1135 1970 ubi
1157 1912 1385 1992 aequalis
1410 1926 1497 1985 est,
1517 1915 1689 1986 Patri,
1721 1936 1834 1972 non

92 2004 206 2077 jam
230 2001 445 2077 rogabit
472 2004 687 2060 Patrem
735 2023 839 2080 pro
868 2001 959 2060 eiS.
1013 2027 1039 2055 «
1064 2003 1190 2082 Ipse
1223 2002 1391 2073 enim,
1423 2002 1627 2082 inquit,
1671 2006 1834 2062 Pater

95 2114 126 2142 »
159 2101 304 2148 amat
326 2110 435 2149 VOS.
468 2116 494 2143 >2
518 2090 595 2148 Ex
623 2090 731 2148 hoc
750 2090 895 2148 enim
920 2104 1104 2166 rogat,
1145 2110 1256 2170 quo
1303 2090 1480 2148 minor
1506 2105 1583 2166 est
1615 2094 1777 2151 Patre
1803 2116 1816 2151 :

95 2186 211 2257 quo
238 2199 365 2257 vero
393 2177 618 2258 aequalis
639 2191 738 2247 est,
772 2178 997 2236 exaudit
1017 2200 1143 2236 cum
1170 2180 1349 2236 Patre.
1387 2179 1542 2237 Unde
1585 2201 1640 2238 se
1669 2182 1741 2239 ab
1764 2203 1826 2239 eo

103 2264 255 2346 quod
277 2265 443 2325 dixit:
468 2292 494 2318 «
520 2267 642 2345 Ipse
662 2266 809 2324 enim
834 2267 994 2324 Pater
1019 2280 1164 2323 amat
1180 2287 1297 2335 vos,
1325 2292 1351 2319 >2
1377 2266 1567 2346 utique
1590 2268 1706 2349 ipse
1722 2291 1835 2328 non

105 2367 346 2434 separat3
378 2354 471 2412 sed
493 2353 795 2412 secundum
821 2377 881 2413 ea
907 2353 1041 2414 facit
1070 2353 1298 2430 intelligi
1327 2376 1454 2434 quae
1484 2377 1650 2436 supra
1677 2379 1834 2431 com·-

106 2441 435 2514 memoravi,
482 2442 722 2522 satisque
750 2442 1058 2513 insinuavi,
1090 2442 1415 2523 plerumque
1453 2443 1531 2518 ita
1567 2447 1838 2506 nominari

108 2540 552 2612 unamquamque
569 2532 630 2590 in
658 2531 924 2590 Trinitate
951 2553 1265 2612 personam,
1301 2545 1437 2590 utet
1460 2533 1580 2592 aliae
1599 2528 1714 2594 illic
1742 2537 1837 2609 in-

109 2620 438 2696 telligantur.
481 2620 574 2679 Sic
605 2621 791 2702 itaque
843 2620 1056 2680 dictum
1111 2633 1230 2679 est:
1257 2646 1284 2673 (ε
1315 2622 1440 2701 Ipse
1481 2622 1626 2694 enim
1676 2625 1842 2698 Pater

111 2735 140 2763 »
172 2721 318 2766 amat
333 2730 450 2778 vos,
473 2735 500 2762 ›>
520 2721 582 2767 ut
607 2719 997 2789 consequenter
1021 2708 1354 2785 intelligatur
1374 2723 1428 2768 et
1448 2710 1615 2782 Filius
1637 2726 1690 2770 et
1715 2712 1839 2793 Spi-

111 2797 249 2855 ritus
267 2809 486 2854 sanctus
511 2818 526 2854 2
559 2818 672 2856 non
697 2798 827 2878 quia
844 2797 1011 2856 modo
1036 2819 1134 2856 nos
1159 2819 1270 2856 non
1294 2811 1463 2870 amat,
1494 2799 1590 2879 qui
1614 2803 1842 2882 proprio

114 2884 251 2943 Filio
273 2906 385 2943 non
406 2886 674 2965 pepercit,
695 2886 788 2945 sed
813 2908 916 2966 pro
939 2887 1099 2945 nobis
1116 2886 1371 2946 omuibus
1394 2886 1619 2947 tradidit
1638 2910 1762 2961 eum
1780 2889 1838 2948 1:

115 2973 206 3031 sed
234 2972 361 3031 tales
387 2994 485 3031 nos
514 2987 659 3032 amat
686 2978 856 3046 DeuS,
887 2975 1073 3055 quales
1094 2973 1264 3059 futuri
1291 2996 1498 3048 sumne,
1526 2998 1634 3035 non
1661 2978 1846 3058 quales

122 3082 325 3120 sumus,
366 3060 568 3132 Quales
593 3062 738 3120 enim
778 3077 952 3135 amat,
986 3063 1116 3122 tales
1153 3063 1212 3122 in
1238 3076 1503 3134 aeternum
1531 3081 1845 3127 conservat:

118 3132 270 3232 quod
300 3162 435 3221 tunc
466 3149 572 3209 erit
595 3170 724 3223 cum
748 3144 1036 3222 tradiderit
1064 3172 1295 3231 regnum
1318 3149 1434 3237 Deo
1462 3151 1517 3214 et
1542 3151 1723 3229 Patri,
1752 3154 1849 3236 qui

182 3251 198 3282 ¹
217 3256 341 3295 Rom.
365 3266 457 3308 vm,
481 3255 550 3294 32.
