<?xml version="1.0" encoding="UTF-8"?>
<!DOCTYPE html PUBLIC "-//W3C//DTD XHTML 1.0 Transitional//EN"
    "http://www.w3.org/TR/xhtml1/DTD/xhtml1-transitional.dtd">
<html xmlns="http://www.w3.org/1999/xhtml" xml:lang="en" lang="en">
 <head>
  <title>
</title>
<meta http-equiv="Content-Type" content="text/html;charset=utf-8" />
  <meta name='ocr-system' content='tesseract 3.04.00' />
  <meta name='ocr-capabilities' content='ocr_page ocr_carea ocr_par ocr_line ocrx_word'/>
</head>
<body>
  <div class='ocr_page' id='page_1' title='image "./operaomniaaccura30auguuoft_0121.png"; bbox 0 0 2144 3808; ppageno 0'>
   <div class='ocr_carea' id='block_1_1' title="bbox 339 337 1805 397">
    <p class='ocr_par' dir='ltr' id='par_1_1' title="bbox 339 337 1805 397">
     <span class='ocr_line' id='line_1_1' title="bbox 339 337 1805 397; baseline 0 -9"><span class='ocrx_word' id='word_1_1' title='bbox 339 344 559 388; x_wconf 81' lang='lat' dir='ltr'><strong>CONTRA</strong></span> <span class='ocrx_word' id='word_1_2' title='bbox 598 337 934 386; x_wconf 71' lang='lat' dir='ltr'><strong>MAXIMINUM</strong></span> <span class='ocrx_word' id='word_1_3' title='bbox 976 341 1258 397; x_wconf 79' lang='lat' dir='ltr'><strong>ARIANUM,</strong></span> <span class='ocrx_word' id='word_1_4' title='bbox 1304 345 1415 387; x_wconf 85' lang='lat' dir='ltr'><strong>LIB.</strong></span> <span class='ocrx_word' id='word_1_5' title='bbox 1467 348 1531 387; x_wconf 90' lang='lat'>11.</span> <span class='ocrx_word' id='word_1_6' title='bbox 1703 347 1805 388; x_wconf 86' lang='lat'>111</span> 
     </span>
    </p>
   </div>
   <div class='ocr_carea' id='block_1_2' title="bbox 0 425 1837 1838">
    <p class='ocr_par' dir='ltr' id='par_1_2' title="bbox 0 425 1824 1043">
     <span class='ocr_line' id='line_1_2' title="bbox 95 425 1814 510; baseline -0.001 -21"><span class='ocrx_word' id='word_1_7' title='bbox 95 442 304 489; x_wconf 84' lang='lat' dir='ltr'>utesset</span> <span class='ocrx_word' id='word_1_8' title='bbox 330 428 572 509; x_wconf 77' lang='lat' dir='ltr'>aequalis,</span> <span class='ocrx_word' id='word_1_9' title='bbox 624 425 780 485; x_wconf 89' lang='lat' dir='ltr'>Nihil</span> <span class='ocrx_word' id='word_1_10' title='bbox 822 425 965 484; x_wconf 87' lang='lat' dir='ltr'>enim</span> <span class='ocrx_word' id='word_1_11' title='bbox 993 427 1155 485; x_wconf 88' lang='lat' dir='ltr'>Patre</span> <span class='ocrx_word' id='word_1_12' title='bbox 1192 426 1372 485; x_wconf 88' lang='lat' dir='ltr'>minus</span> <span class='ocrx_word' id='word_1_13' title='bbox 1400 427 1571 487; x_wconf 91' lang='lat' dir='ltr'>habet</span> <span class='ocrx_word' id='word_1_14' title='bbox 1597 429 1687 488; x_wconf 90' lang='lat' dir='ltr'>ille</span> <span class='ocrx_word' id='word_1_15' title='bbox 1714 430 1814 510; x_wconf 88' lang='lat' dir='ltr'>qui</span> 
     </span>
     <span class='ocr_line' id='line_1_3' title="bbox 0 513 1815 597; baseline -0.001 -21"><span class='ocrx_word' id='word_1_16' title='bbox 0 555 12 561; x_wconf 78' lang='lat'>-</span> <span class='ocrx_word' id='word_1_17' title='bbox 95 518 263 577; x_wconf 90' lang='lat' dir='ltr'>dicit:</span> <span class='ocrx_word' id='word_1_18' title='bbox 294 544 320 572; x_wconf 77' lang='lat' dir='ltr'>c&lt;</span> <span class='ocrx_word' id='word_1_19' title='bbox 350 516 552 575; x_wconf 91' lang='lat' dir='ltr'>Omnia</span> <span class='ocrx_word' id='word_1_20' title='bbox 577 535 705 595; x_wconf 83' lang='lat' dir='ltr'>quae</span> <span class='ocrx_word' id='word_1_21' title='bbox 731 515 902 574; x_wconf 90' lang='lat' dir='ltr'>habet</span> <span class='ocrx_word' id='word_1_22' title='bbox 930 515 1114 587; x_wconf 84' lang='lat' dir='ltr'>Pater,</span> <span class='ocrx_word' id='word_1_23' title='bbox 1148 537 1268 575; x_wconf 88' lang='lat' dir='ltr'>mea</span> <span class='ocrx_word' id='word_1_24' title='bbox 1291 527 1418 573; x_wconf 89' lang='lat' dir='ltr'>sunt</span> <span class='ocrx_word' id='word_1_25' title='bbox 1437 513 1481 575; x_wconf 67' lang='lat'>4.</span> <span class='ocrx_word' id='word_1_26' title='bbox 1512 542 1539 569; x_wconf 86' lang='lat'>»</span> <span class='ocrx_word' id='word_1_27' title='bbox 1572 517 1815 597; x_wconf 84' lang='lat' dir='ltr'>AEqualis</span> 
     </span>
     <span class='ocr_line' id='line_1_4' title="bbox 97 601 1819 683; baseline 0 -20"><span class='ocrx_word' id='word_1_28' title='bbox 97 618 172 664; x_wconf 80' lang='lat' dir='ltr'>est</span> <span class='ocrx_word' id='word_1_29' title='bbox 197 606 382 682; x_wconf 86' lang='lat' dir='ltr'>igitur.</span> <span class='ocrx_word' id='word_1_30' title='bbox 417 602 524 664; x_wconf 88' lang='lat' dir='ltr'>Sed</span> <span class='ocrx_word' id='word_1_31' title='bbox 551 602 680 683; x_wconf 88' lang='lat' dir='ltr'>quia</span> <span class='ocrx_word' id='word_1_32' title='bbox 705 602 1055 683; x_wconf 86' lang='lat' dir='ltr'>semetipsum</span> <span class='ocrx_word' id='word_1_33' title='bbox 1079 602 1396 675; x_wconf 84' lang='lat' dir='ltr'>exinanivit,</span> <span class='ocrx_word' id='word_1_34' title='bbox 1423 601 1656 662; x_wconf 86' lang='lat' dir='ltr'>formam</span> <span class='ocrx_word' id='word_1_35' title='bbox 1679 605 1819 663; x_wconf 90' lang='lat' dir='ltr'>servi</span> 
     </span>
     <span class='ocr_line' id='line_1_5' title="bbox 97 691 1823 776; baseline -0.001 -23"><span class='ocrx_word' id='word_1_36' title='bbox 97 693 427 776; x_wconf 81' lang='lat' dir='ltr'>accipiens2‚</span> <span class='ocrx_word' id='word_1_37' title='bbox 451 714 563 752; x_wconf 90' lang='lat' dir='ltr'>non</span> <span class='ocrx_word' id='word_1_38' title='bbox 579 691 813 753; x_wconf 86' lang='lat' dir='ltr'>formam</span> <span class='ocrx_word' id='word_1_39' title='bbox 839 692 942 753; x_wconf 84' lang='lat' dir='ltr'>Dei</span> <span class='ocrx_word' id='word_1_40' title='bbox 956 691 1223 773; x_wconf 80' lang='lat' dir='ltr'>perdens3</span> <span class='ocrx_word' id='word_1_41' title='bbox 1250 693 1326 751; x_wconf 88' lang='lat' dir='ltr'>ita</span> <span class='ocrx_word' id='word_1_42' title='bbox 1355 691 1531 753; x_wconf 88' lang='lat' dir='ltr'>factus</span> <span class='ocrx_word' id='word_1_43' title='bbox 1552 693 1709 752; x_wconf 91' lang='lat' dir='ltr'>estin</span> <span class='ocrx_word' id='word_1_44' title='bbox 1727 715 1823 752; x_wconf 88' lang='lat' dir='ltr'>ea-</span> 
     </span>
     <span class='ocr_line' id='line_1_6' title="bbox 98 780 1823 862; baseline -0.001 -21"><span class='ocrx_word' id='word_1_45' title='bbox 98 783 221 842; x_wconf 87' lang='lat' dir='ltr'>dem</span> <span class='ocrx_word' id='word_1_46' title='bbox 243 782 380 843; x_wconf 88' lang='lat' dir='ltr'>servi</span> <span class='ocrx_word' id='word_1_47' title='bbox 405 781 581 843; x_wconf 88' lang='lat' dir='ltr'>forma</span> <span class='ocrx_word' id='word_1_48' title='bbox 600 780 859 840; x_wconf 85' lang='lat' dir='ltr'>obediens</span> <span class='ocrx_word' id='word_1_49' title='bbox 872 801 1045 860; x_wconf 89' lang='lat' dir='ltr'>usque</span> <span class='ocrx_word' id='word_1_50' title='bbox 1069 780 1139 841; x_wconf 87' lang='lat' dir='ltr'>ad</span> <span class='ocrx_word' id='word_1_51' title='bbox 1157 794 1390 844; x_wconf 86' lang='lat' dir='ltr'>mortem</span> <span class='ocrx_word' id='word_1_52' title='bbox 1415 782 1615 854; x_wconf 85' lang='lat' dir='ltr'>crucis,</span> <span class='ocrx_word' id='word_1_53' title='bbox 1639 781 1697 839; x_wconf 91' lang='lat' dir='ltr'>in</span> <span class='ocrx_word' id='word_1_54' title='bbox 1713 802 1823 862; x_wconf 90' lang='lat' dir='ltr'>qua</span> 
     </span>
     <span class='ocr_line' id='line_1_7' title="bbox 97 869 1824 954; baseline -0.002 -23"><span class='ocrx_word' id='word_1_55' title='bbox 97 871 264 954; x_wconf 88' lang='lat' dir='ltr'>paulo</span> <span class='ocrx_word' id='word_1_56' title='bbox 286 871 466 930; x_wconf 90' lang='lat' dir='ltr'>minus</span> <span class='ocrx_word' id='word_1_57' title='bbox 485 870 786 932; x_wconf 88' lang='lat' dir='ltr'>minoratus</span> <span class='ocrx_word' id='word_1_58' title='bbox 812 882 892 949; x_wconf 78' lang='lat' dir='ltr'>est</span> <span class='ocrx_word' id='word_1_59' title='bbox 915 869 988 928; x_wconf 90' lang='lat' dir='ltr'>ab</span> <span class='ocrx_word' id='word_1_60' title='bbox 1006 869 1208 947; x_wconf 82' lang='lat' dir='ltr'>angelis</span> <span class='ocrx_word' id='word_1_61' title='bbox 1229 870 1274 942; x_wconf 76' lang='lat'>3,</span> <span class='ocrx_word' id='word_1_62' title='bbox 1309 884 1371 930; x_wconf 94' lang='lat' dir='ltr'>ut</span> <span class='ocrx_word' id='word_1_63' title='bbox 1394 871 1547 930; x_wconf 80' lang='lat' dir='ltr'>Patri</span> <span class='ocrx_word' id='word_1_64' title='bbox 1566 870 1624 929; x_wconf 91' lang='lat' dir='ltr'>in</span> <span class='ocrx_word' id='word_1_65' title='bbox 1646 869 1824 929; x_wconf 87' lang='lat' dir='ltr'>forma</span> 
     </span>
     <span class='ocr_line' id='line_1_8' title="bbox 19 961 1814 1043; baseline -0.001 -21"><span class='ocrx_word' id='word_1_66' title='bbox 19 991 22 999; x_wconf 92' lang='lat'>·</span> <span class='ocrx_word' id='word_1_67' title='bbox 97 963 200 1022; x_wconf 90' lang='lat' dir='ltr'>Dei</span> <span class='ocrx_word' id='word_1_68' title='bbox 221 974 462 1024; x_wconf 86' lang='lat' dir='ltr'>maneret</span> <span class='ocrx_word' id='word_1_69' title='bbox 482 961 742 1043; x_wconf 85' lang='lat' dir='ltr'>aequalis:</span> <span class='ocrx_word' id='word_1_70' title='bbox 770 961 900 1042; x_wconf 91' lang='lat' dir='ltr'>quia</span> <span class='ocrx_word' id='word_1_71' title='bbox 927 982 1039 1023; x_wconf 89' lang='lat' dir='ltr'>non</span> <span class='ocrx_word' id='word_1_72' title='bbox 1074 974 1153 1023; x_wconf 90' lang='lat' dir='ltr'>est</span> <span class='ocrx_word' id='word_1_73' title='bbox 1184 961 1361 1022; x_wconf 87' lang='lat' dir='ltr'>forma</span> <span class='ocrx_word' id='word_1_74' title='bbox 1388 961 1483 1021; x_wconf 85' lang='lat' dir='ltr'>illa</span> <span class='ocrx_word' id='word_1_75' title='bbox 1512 962 1814 1021; x_wconf 78' lang='lat' dir='ltr'>mutabilis,</span> 
     </span>
    </p>

    <p class='ocr_par' dir='ltr' id='par_1_3' title="bbox 100 1050 1837 1838">
     <span class='ocr_line' id='line_1_9' title="bbox 177 1050 1826 1131; baseline -0.001 -21"><span class='ocrx_word' id='word_1_76' title='bbox 177 1052 241 1110; x_wconf 84' lang='grc' dir='ltr'>8Ο</span> <span class='ocrx_word' id='word_1_77' title='bbox 264 1051 415 1124; x_wconf 88' lang='lat' dir='ltr'>Quid</span> <span class='ocrx_word' id='word_1_78' title='bbox 438 1051 623 1131; x_wconf 86' lang='lat' dir='ltr'>itaque</span> <span class='ocrx_word' id='word_1_79' title='bbox 654 1050 857 1110; x_wconf 90' lang='lat' dir='ltr'>mirum</span> <span class='ocrx_word' id='word_1_80' title='bbox 885 1063 986 1122; x_wconf 84' lang='lat' dir='ltr'>est,</span> <span class='ocrx_word' id='word_1_81' title='bbox 1020 1050 1063 1110; x_wconf 89' lang='lat' dir='ltr'>si</span> <span class='ocrx_word' id='word_1_82' title='bbox 1085 1072 1147 1112; x_wconf 83' lang='lat' dir='ltr'>ea</span> <span class='ocrx_word' id='word_1_83' title='bbox 1175 1072 1300 1131; x_wconf 79' lang='lat' dir='ltr'>quae</span> <span class='ocrx_word' id='word_1_84' title='bbox 1330 1072 1722 1110; x_wconf 86' lang='lat' dir='ltr'>commemoras</span> <span class='ocrx_word' id='word_1_85' title='bbox 1743 1051 1826 1109; x_wconf 90' lang='lat' dir='ltr'>di-</span> 
     </span>
     <span class='ocr_line' id='line_1_10' title="bbox 100 1138 1827 1222; baseline 0.001 -24"><span class='ocrx_word' id='word_1_86' title='bbox 100 1139 174 1202; x_wconf 86' lang='lat' dir='ltr'>cit</span> <span class='ocrx_word' id='word_1_87' title='bbox 198 1162 213 1197; x_wconf 92' lang='lat'>·.</span> <span class='ocrx_word' id='word_1_88' title='bbox 240 1165 266 1193; x_wconf 89' lang='lat'>«</span> <span class='ocrx_word' id='word_1_89' title='bbox 297 1140 440 1216; x_wconf 86' lang='lat' dir='ltr'>Ergo</span> <span class='ocrx_word' id='word_1_90' title='bbox 459 1160 586 1219; x_wconf 86' lang='lat' dir='ltr'>quae</span> <span class='ocrx_word' id='word_1_91' title='bbox 608 1138 814 1219; x_wconf 89' lang='lat' dir='ltr'>placita</span> <span class='ocrx_word' id='word_1_92' title='bbox 843 1139 1177 1212; x_wconf 78' lang='lat' dir='ltr'>suntPatri,</span> <span class='ocrx_word' id='word_1_93' title='bbox 1212 1139 1355 1201; x_wconf 86' lang='lat' dir='ltr'>facio</span> <span class='ocrx_word' id='word_1_94' title='bbox 1386 1161 1598 1222; x_wconf 85' lang='lat' dir='ltr'>semper</span> <span class='ocrx_word' id='word_1_95' title='bbox 1619 1140 1682 1199; x_wconf 70' lang='lat'>¹⁸?</span> <span class='ocrx_word' id='word_1_96' title='bbox 1702 1167 1728 1194; x_wconf 79' lang='lat'>»</span> <span class='ocrx_word' id='word_1_97' title='bbox 1757 1141 1827 1198; x_wconf 86' lang='lat' dir='ltr'>Et</span> 
     </span>
     <span class='ocr_line' id='line_1_11' title="bbox 102 1227 1827 1309; baseline 0 -22"><span class='ocrx_word' id='word_1_98' title='bbox 102 1227 171 1287; x_wconf 86' lang='lat' dir='ltr'>ad</span> <span class='ocrx_word' id='word_1_99' title='bbox 197 1241 613 1287; x_wconf 83' lang='lat' dir='ltr'>monumentum</span> <span class='ocrx_word' id='word_1_100' title='bbox 642 1228 832 1290; x_wconf 86' lang='lat' dir='ltr'>Lazari</span> <span class='ocrx_word' id='word_1_101' title='bbox 864 1250 878 1285; x_wconf 72' lang='grc' dir='ltr'>ε</span> <span class='ocrx_word' id='word_1_102' title='bbox 911 1254 942 1282; x_wconf 71' lang='grc' dir='ltr'>α</span> <span class='ocrx_word' id='word_1_103' title='bbox 964 1230 1150 1301; x_wconf 84' lang='lat' dir='ltr'>Pater,</span> <span class='ocrx_word' id='word_1_104' title='bbox 1177 1231 1376 1305; x_wconf 83' lang='lat' dir='ltr'><strong>gratias</strong></span> <span class='ocrx_word' id='word_1_105' title='bbox 1404 1251 1502 1306; x_wconf 82' lang='lat' dir='ltr'>ago</span> <span class='ocrx_word' id='word_1_106' title='bbox 1529 1230 1662 1301; x_wconf 87' lang='lat' dir='ltr'>tibi,</span> <span class='ocrx_word' id='word_1_107' title='bbox 1696 1230 1827 1309; x_wconf 87' lang='lat' dir='ltr'>quia</span> 
     </span>
     <span class='ocr_line' id='line_1_12' title="bbox 101 1316 1828 1398; baseline 0.003 -28"><span class='ocrx_word' id='word_1_108' title='bbox 101 1344 128 1370; x_wconf 71' lang='lat' dir='ltr'>J)</span> <span class='ocrx_word' id='word_1_109' title='bbox 155 1317 353 1376; x_wconf 86' lang='lat' dir='ltr'>audisti</span> <span class='ocrx_word' id='word_1_110' title='bbox 381 1338 466 1375; x_wconf 93' lang='lat' dir='ltr'>me</span> <span class='ocrx_word' id='word_1_111' title='bbox 489 1341 505 1386; x_wconf 72' lang='grc' dir='ltr'><strong>ς</strong></span> <span class='ocrx_word' id='word_1_112' title='bbox 537 1329 591 1376; x_wconf 89' lang='lat' dir='ltr'>et</span> <span class='ocrx_word' id='word_1_113' title='bbox 615 1338 712 1393; x_wconf 84' lang='lat' dir='ltr'>ego</span> <span class='ocrx_word' id='word_1_114' title='bbox 745 1316 986 1377; x_wconf 80' lang='lat' dir='ltr'>sciebam</span> <span class='ocrx_word' id='word_1_115' title='bbox 1008 1318 1139 1397; x_wconf 87' lang='lat' dir='ltr'>quia</span> <span class='ocrx_word' id='word_1_116' title='bbox 1175 1338 1385 1398; x_wconf 85' lang='lat' dir='ltr'>semper</span> <span class='ocrx_word' id='word_1_117' title='bbox 1412 1340 1498 1377; x_wconf 90' lang='lat' dir='ltr'>me</span> <span class='ocrx_word' id='word_1_118' title='bbox 1527 1318 1705 1390; x_wconf 82' lang='lat' dir='ltr'>audis,</span> <span class='ocrx_word' id='word_1_119' title='bbox 1733 1316 1828 1376; x_wconf 92' lang='lat' dir='ltr'>sed</span> 
     </span>
     <span class='ocr_line' id='line_1_13' title="bbox 103 1404 1830 1487; baseline 0.003 -29"><span class='ocrx_word' id='word_1_120' title='bbox 103 1432 130 1459; x_wconf 85' lang='lat'>›&gt;</span> <span class='ocrx_word' id='word_1_121' title='bbox 158 1418 387 1486; x_wconf 86' lang='lat' dir='ltr'>propter</span> <span class='ocrx_word' id='word_1_122' title='bbox 407 1405 610 1485; x_wconf 86' lang='lat' dir='ltr'>eosqui</span> <span class='ocrx_word' id='word_1_123' title='bbox 637 1404 996 1464; x_wconf 83' lang='lat' dir='ltr'>circumstant</span> <span class='ocrx_word' id='word_1_124' title='bbox 1020 1405 1153 1477; x_wconf 84' lang='lat' dir='ltr'><strong>dixi,</strong></span> <span class='ocrx_word' id='word_1_125' title='bbox 1176 1418 1238 1466; x_wconf 90' lang='lat' dir='ltr'>ut</span> <span class='ocrx_word' id='word_1_126' title='bbox 1258 1406 1483 1465; x_wconf 81' lang='lat' dir='ltr'>credant</span> <span class='ocrx_word' id='word_1_127' title='bbox 1504 1407 1635 1487; x_wconf 89' lang='lat' dir='ltr'>quia</span> <span class='ocrx_word' id='word_1_128' title='bbox 1659 1420 1720 1465; x_wconf 93' lang='lat' dir='ltr'>tu</span> <span class='ocrx_word' id='word_1_129' title='bbox 1742 1426 1830 1464; x_wconf 89' lang='lat' dir='ltr'>me</span> 
     </span>
     <span class='ocr_line' id='line_1_14' title="bbox 103 1493 1834 1574; baseline 0 -23"><span class='ocrx_word' id='word_1_130' title='bbox 103 1519 131 1546; x_wconf 75' lang='lat'>&gt;2</span> <span class='ocrx_word' id='word_1_131' title='bbox 157 1494 349 1552; x_wconf 86' lang='lat' dir='ltr'>misisti</span> <span class='ocrx_word' id='word_1_132' title='bbox 377 1493 419 1554; x_wconf 82' lang='lat'>5.</span> <span class='ocrx_word' id='word_1_133' title='bbox 455 1519 481 1546; x_wconf 79' lang='lat'>›&gt;</span> <span class='ocrx_word' id='word_1_134' title='bbox 507 1495 579 1551; x_wconf 90' lang='lat' dir='ltr'>Et</span> <span class='ocrx_word' id='word_1_135' title='bbox 599 1493 797 1552; x_wconf 89' lang='lat' dir='ltr'>iterum</span> <span class='ocrx_word' id='word_1_136' title='bbox 829 1514 843 1552; x_wconf 73' lang='lat' dir='ltr'>z</span> <span class='ocrx_word' id='word_1_137' title='bbox 870 1519 897 1548; x_wconf 85' lang='lat'>«</span> <span class='ocrx_word' id='word_1_138' title='bbox 916 1494 1005 1552; x_wconf 91' lang='lat' dir='ltr'>Me</span> <span class='ocrx_word' id='word_1_139' title='bbox 1027 1506 1245 1573; x_wconf 87' lang='lat' dir='ltr'>oportet</span> <span class='ocrx_word' id='word_1_140' title='bbox 1282 1495 1495 1574; x_wconf 86' lang='lat' dir='ltr'>operari</span> <span class='ocrx_word' id='word_1_141' title='bbox 1525 1500 1692 1574; x_wconf 87' lang='lat' dir='ltr'>opera</span> <span class='ocrx_word' id='word_1_142' title='bbox 1718 1498 1834 1570; x_wconf 87' lang='lat' dir='ltr'>ejus</span> 
     </span>
     <span class='ocr_line' id='line_1_15' title="bbox 105 1580 1834 1663; baseline 0.002 -27"><span class='ocrx_word' id='word_1_143' title='bbox 105 1607 133 1636; x_wconf 76' lang='lat'>2&gt;</span> <span class='ocrx_word' id='word_1_144' title='bbox 166 1583 263 1661; x_wconf 92' lang='lat' dir='ltr'>qui</span> <span class='ocrx_word' id='word_1_145' title='bbox 289 1603 376 1640; x_wconf 91' lang='lat' dir='ltr'>me</span> <span class='ocrx_word' id='word_1_146' title='bbox 402 1580 550 1640; x_wconf 82' lang='lat' dir='ltr'>misit</span> <span class='ocrx_word' id='word_1_147' title='bbox 580 1581 622 1640; x_wconf 78' lang='lat'>⁶.</span> <span class='ocrx_word' id='word_1_148' title='bbox 652 1607 678 1635; x_wconf 84' lang='lat'>›&gt;</span> <span class='ocrx_word' id='word_1_149' title='bbox 704 1581 776 1639; x_wconf 84' lang='lat' dir='ltr'>Et</span> <span class='ocrx_word' id='word_1_150' title='bbox 797 1594 1088 1661; x_wconf 84' lang='lat' dir='ltr'>antequam</span> <span class='ocrx_word' id='word_1_151' title='bbox 1120 1587 1289 1662; x_wconf 71' lang='lat' dir='ltr'>panes</span> <span class='ocrx_word' id='word_1_152' title='bbox 1306 1581 1612 1658; x_wconf 86' lang='lat' dir='ltr'>frangeret:</span> <span class='ocrx_word' id='word_1_153' title='bbox 1640 1583 1834 1663; x_wconf 82' lang='lat' dir='ltr'>«prius</span> 
     </span>
     <span class='ocr_line' id='line_1_16' title="bbox 106 1667 1835 1750; baseline 0.002 -25"><span class='ocrx_word' id='word_1_154' title='bbox 106 1697 134 1724; x_wconf 84' lang='lat'>»</span> <span class='ocrx_word' id='word_1_155' title='bbox 162 1669 313 1728; x_wconf 89' lang='lat' dir='ltr'>Patri</span> <span class='ocrx_word' id='word_1_156' title='bbox 343 1669 540 1745; x_wconf 80' lang='lat' dir='ltr'>gratias</span> <span class='ocrx_word' id='word_1_157' title='bbox 554 1668 663 1745; x_wconf 86' lang='lat' dir='ltr'>egit</span> <span class='ocrx_word' id='word_1_158' title='bbox 685 1667 728 1729; x_wconf 90' lang='lat'>7.</span> <span class='ocrx_word' id='word_1_159' title='bbox 763 1695 790 1722; x_wconf 87' lang='lat'>))</span> <span class='ocrx_word' id='word_1_160' title='bbox 813 1668 872 1727; x_wconf 91' lang='lat' dir='ltr'>Si</span> <span class='ocrx_word' id='word_1_161' title='bbox 887 1669 975 1727; x_wconf 88' lang='lat' dir='ltr'>his</span> <span class='ocrx_word' id='word_1_162' title='bbox 987 1682 1151 1750; x_wconf 87' lang='lat' dir='ltr'>atque</span> <span class='ocrx_word' id='word_1_163' title='bbox 1169 1670 1269 1745; x_wconf 87' lang='lat' dir='ltr'>huj</span> <span class='ocrx_word' id='word_1_164' title='bbox 1280 1670 1492 1730; x_wconf 89' lang='lat' dir='ltr'>usmodi</span> <span class='ocrx_word' id='word_1_165' title='bbox 1513 1670 1835 1729; x_wconf 86' lang='lat' dir='ltr'>testimoniis</span> 
     </span>
     <span class='ocr_line' id='line_1_17' title="bbox 105 1752 1837 1838; baseline 0 -21"><span class='ocrx_word' id='word_1_166' title='bbox 105 1758 163 1818; x_wconf 89' lang='lat' dir='ltr'>id</span> <span class='ocrx_word' id='word_1_167' title='bbox 192 1752 471 1818; x_wconf 89' lang='lat' dir='ltr'>ostendere</span> <span class='ocrx_word' id='word_1_168' title='bbox 490 1757 776 1830; x_wconf 89' lang='lat' dir='ltr'>voluisses,</span> <span class='ocrx_word' id='word_1_169' title='bbox 811 1757 963 1838; x_wconf 92' lang='lat' dir='ltr'>quod</span> <span class='ocrx_word' id='word_1_170' title='bbox 989 1758 1048 1819; x_wconf 86' lang='lat' dir='ltr'>iu</span> <span class='ocrx_word' id='word_1_171' title='bbox 1075 1758 1261 1832; x_wconf 11' lang='lat' dir='ltr'>&#39;forma</span> <span class='ocrx_word' id='word_1_172' title='bbox 1283 1760 1423 1818; x_wconf 88' lang='lat' dir='ltr'>servi</span> <span class='ocrx_word' id='word_1_173' title='bbox 1460 1759 1628 1818; x_wconf 86' lang='lat' dir='ltr'>Filius</span> <span class='ocrx_word' id='word_1_174' title='bbox 1656 1760 1837 1819; x_wconf 89' lang='lat' dir='ltr'>minor</span> 
     </span>
    </p>
   </div>
   <div class='ocr_carea' id='block_1_3' title="bbox 11 1847 1832 1928">
    <p class='ocr_par' dir='ltr' id='par_1_4' title="bbox 11 1847 1832 1928">
     <span class='ocr_line' id='line_1_18' title="bbox 11 1847 1832 1928; baseline 0 -20"><span class='ocrx_word' id='word_1_175' title='bbox 11 1858 17 1865; x_wconf 86' lang='grc'><strong>’</strong></span> <span class='ocrx_word' id='word_1_176' title='bbox 106 1861 185 1908; x_wconf 89' lang='lat' dir='ltr'>est</span> <span class='ocrx_word' id='word_1_177' title='bbox 213 1849 395 1921; x_wconf 84' lang='lat' dir='ltr'>Patre,</span> <span class='ocrx_word' id='word_1_178' title='bbox 429 1861 482 1906; x_wconf 91' lang='lat' dir='ltr'>et</span> <span class='ocrx_word' id='word_1_179' title='bbox 511 1847 569 1906; x_wconf 88' lang='lat' dir='ltr'>in</span> <span class='ocrx_word' id='word_1_180' title='bbox 594 1848 714 1928; x_wconf 87' lang='lat' dir='ltr'>ipsa</span> <span class='ocrx_word' id='word_1_181' title='bbox 748 1847 925 1912; x_wconf 82' lang='lat' dir='ltr'>forma</span> <span class='ocrx_word' id='word_1_182' title='bbox 957 1849 1062 1907; x_wconf 89' lang='lat' dir='ltr'>Dei</span> <span class='ocrx_word' id='word_1_183' title='bbox 1091 1849 1191 1913; x_wconf 88' lang='lat' dir='ltr'>iste</span> <span class='ocrx_word' id='word_1_184' title='bbox 1221 1849 1290 1908; x_wconf 94' lang='lat' dir='ltr'>de</span> <span class='ocrx_word' id='word_1_185' title='bbox 1318 1849 1414 1908; x_wconf 91' lang='lat' dir='ltr'>illo</span> <span class='ocrx_word' id='word_1_186' title='bbox 1439 1897 1456 1922; x_wconf 88' lang='lat'><strong><em>,</em></strong></span> <span class='ocrx_word' id='word_1_187' title='bbox 1489 1871 1600 1909; x_wconf 89' lang='lat' dir='ltr'>non</span> <span class='ocrx_word' id='word_1_188' title='bbox 1638 1850 1731 1908; x_wconf 81' lang='lat' dir='ltr'>ille</span> <span class='ocrx_word' id='word_1_189' title='bbox 1763 1849 1832 1908; x_wconf 89' lang='lat' dir='ltr'>de</span> 
     </span>
    </p>
   </div>
   <div class='ocr_carea' id='block_1_4' title="bbox 18 1934 1854 3083">
    <p class='ocr_par' dir='ltr' id='par_1_5' title="bbox 31 1934 1834 2285">
     <span class='ocr_line' id='line_1_19' title="bbox 107 1934 1832 2017; baseline 0.001 -21"><span class='ocrx_word' id='word_1_190' title='bbox 107 1937 209 1996; x_wconf 88' lang='lat' dir='ltr'>isto</span> <span class='ocrx_word' id='word_1_191' title='bbox 254 1948 363 2005; x_wconf 80' lang='lat' dir='ltr'>est3</span> <span class='ocrx_word' id='word_1_192' title='bbox 393 1934 543 2017; x_wconf 92' lang='lat' dir='ltr'>quod</span> <span class='ocrx_word' id='word_1_193' title='bbox 573 1956 718 2016; x_wconf 73' lang='lat' dir='ltr'>saepe</span> <span class='ocrx_word' id='word_1_194' title='bbox 757 1936 1089 2012; x_wconf 83' lang='lat' dir='ltr'>significans,</span> <span class='ocrx_word' id='word_1_195' title='bbox 1115 1937 1288 1998; x_wconf 89' lang='lat' dir='ltr'>multa</span> <span class='ocrx_word' id='word_1_196' title='bbox 1315 1938 1391 1997; x_wconf 89' lang='lat' dir='ltr'>ita</span> <span class='ocrx_word' id='word_1_197' title='bbox 1424 1937 1586 2010; x_wconf 81' lang='lat' dir='ltr'>dicit,</span> <span class='ocrx_word' id='word_1_198' title='bbox 1612 1951 1674 1997; x_wconf 90' lang='lat' dir='ltr'>ut</span> <span class='ocrx_word' id='word_1_199' title='bbox 1708 1959 1832 1997; x_wconf 91' lang='lat' dir='ltr'>eum</span> 
     </span>
     <span class='ocr_line' id='line_1_20' title="bbox 36 2024 1831 2107; baseline 0.001 -22"><span class='ocrx_word' id='word_1_200' title='bbox 36 2044 39 2049; x_wconf 64' lang='lat'>‘</span> <span class='ocrx_word' id='word_1_201' title='bbox 108 2047 219 2086; x_wconf 92' lang='lat' dir='ltr'>non</span> <span class='ocrx_word' id='word_1_202' title='bbox 245 2024 597 2102; x_wconf 83' lang='lat' dir='ltr'>intelligentes</span> <span class='ocrx_word' id='word_1_203' title='bbox 621 2025 787 2106; x_wconf 73' lang='lat' dir='ltr'>etiam¹</span> <span class='ocrx_word' id='word_1_204' title='bbox 805 2025 863 2085; x_wconf 92' lang='lat' dir='ltr'>in</span> <span class='ocrx_word' id='word_1_205' title='bbox 889 2026 1010 2107; x_wconf 86' lang='lat' dir='ltr'>ipsa</span> <span class='ocrx_word' id='word_1_206' title='bbox 1039 2025 1325 2088; x_wconf 87' lang='lat' dir='ltr'>divinitate</span> <span class='ocrx_word' id='word_1_207' title='bbox 1361 2028 1698 2087; x_wconf 84' lang='lat' dir='ltr'>arbitrentur</span> <span class='ocrx_word' id='word_1_208' title='bbox 1720 2028 1831 2087; x_wconf 90' lang='lat' dir='ltr'>mi-</span> 
     </span>
     <span class='ocr_line' id='line_1_21' title="bbox 109 2114 1834 2214; baseline 0.001 -40"><span class='ocrx_word' id='word_1_209' title='bbox 109 2135 297 2174; x_wconf 91' lang='lat' dir='ltr'>norem</span> <span class='ocrx_word' id='word_1_210' title='bbox 324 2136 337 2171; x_wconf 88' lang='lat'>:</span> <span class='ocrx_word' id='word_1_211' title='bbox 363 2114 440 2174; x_wconf 92' lang='lat' dir='ltr'>sic</span> <span class='ocrx_word' id='word_1_212' title='bbox 463 2126 668 2173; x_wconf 89' lang='lat' dir='ltr'>teneres</span> <span class='ocrx_word' id='word_1_213' title='bbox 694 2126 900 2173; x_wconf 87' lang='lat' dir='ltr'>rectam</span> <span class='ocrx_word' id='word_1_214' title='bbox 917 2115 1159 2214; x_wconf 76' lang='lat' dir='ltr'>regulam</span> <span class='ocrx_word' id='word_1_215' title='bbox 1185 2116 1343 2188; x_wconf 83' lang='lat' dir='ltr'>fidei,</span> <span class='ocrx_word' id='word_1_216' title='bbox 1374 2129 1436 2174; x_wconf 90' lang='lat' dir='ltr'>ut</span> <span class='ocrx_word' id='word_1_217' title='bbox 1464 2138 1576 2175; x_wconf 91' lang='lat' dir='ltr'>non</span> <span class='ocrx_word' id='word_1_218' title='bbox 1606 2130 1834 2176; x_wconf 88' lang='lat' dir='ltr'>contra-</span> 
     </span>
     <span class='ocr_line' id='line_1_22' title="bbox 31 2202 1837 2285; baseline 0.003 -28"><span class='ocrx_word' id='word_1_219' title='bbox 31 2254 33 2257; x_wconf 12' lang='grc' dir='ltr'><em>Α</em></span> <span class='ocrx_word' id='word_1_220' title='bbox 112 2203 317 2264; x_wconf 87' lang='lat' dir='ltr'>diceres</span> <span class='ocrx_word' id='word_1_221' title='bbox 334 2223 441 2262; x_wconf 78' lang='lat' dir='ltr'>veri</span> <span class='ocrx_word' id='word_1_222' title='bbox 451 2216 576 2270; x_wconf 89' lang='lat' dir='ltr'>tat1</span> <span class='ocrx_word' id='word_1_223' title='bbox 597 2224 697 2261; x_wconf 91' lang='lat' dir='ltr'>nec</span> <span class='ocrx_word' id='word_1_224' title='bbox 709 2223 808 2283; x_wconf 90' lang='lat' dir='ltr'>per</span> <span class='ocrx_word' id='word_1_225' title='bbox 827 2202 953 2261; x_wconf 89' lang='lat' dir='ltr'>talia</span> <span class='ocrx_word' id='word_1_226' title='bbox 968 2203 1276 2264; x_wconf 87' lang='lat' dir='ltr'>testimonia</span> <span class='ocrx_word' id='word_1_227' title='bbox 1291 2225 1638 2285; x_wconf 85' lang='lat' dir='ltr'>oppugnares</span> <span class='ocrx_word' id='word_1_228' title='bbox 1658 2206 1837 2265; x_wconf 89' lang='lat' dir='ltr'>Evan-</span> 
     </span>
    </p>

    <p class='ocr_par' dir='ltr' id='par_1_6' title="bbox 18 2291 1850 2905">
     <span class='ocr_line' id='line_1_23' title="bbox 18 2291 1841 2375; baseline 0.001 -23"><span class='ocrx_word' id='word_1_229' title='bbox 18 2301 23 2306; x_wconf 83' lang='grc'><strong>’</strong></span> <span class='ocrx_word' id='word_1_230' title='bbox 113 2292 335 2369; x_wconf 83' lang='lat' dir='ltr'>geliu1n‚</span> <span class='ocrx_word' id='word_1_231' title='bbox 374 2291 467 2352; x_wconf 90' lang='lat' dir='ltr'>sed</span> <span class='ocrx_word' id='word_1_232' title='bbox 498 2292 734 2353; x_wconf 82' lang='lat' dir='ltr'>docereS.</span> <span class='ocrx_word' id='word_1_233' title='bbox 774 2292 916 2365; x_wconf 81' lang='lat' dir='ltr'>Quae</span> <span class='ocrx_word' id='word_1_234' title='bbox 944 2306 1070 2353; x_wconf 91' lang='lat' dir='ltr'>sunt</span> <span class='ocrx_word' id='word_1_235' title='bbox 1098 2293 1246 2353; x_wconf 91' lang='lat' dir='ltr'>enim</span> <span class='ocrx_word' id='word_1_236' title='bbox 1275 2293 1479 2374; x_wconf 89' lang='lat' dir='ltr'>placita</span> <span class='ocrx_word' id='word_1_237' title='bbox 1508 2295 1683 2353; x_wconf 87' lang='lat' dir='ltr'>Patris</span> <span class='ocrx_word' id='word_1_238' title='bbox 1714 2315 1841 2375; x_wconf 75' lang='lat' dir='ltr'>quae</span> 
     </span>
     <span class='ocr_line' id='line_1_24' title="bbox 113 2369 1844 2465; baseline 0.001 -24"><span class='ocrx_word' id='word_1_239' title='bbox 113 2403 227 2441; x_wconf 92' lang='lat' dir='ltr'>non</span> <span class='ocrx_word' id='word_1_240' title='bbox 247 2393 373 2440; x_wconf 88' lang='lat' dir='ltr'>sunt</span> <span class='ocrx_word' id='word_1_241' title='bbox 394 2393 449 2438; x_wconf 92' lang='lat' dir='ltr'>et</span> <span class='ocrx_word' id='word_1_242' title='bbox 472 2369 630 2440; x_wconf 60' lang='lat' dir='ltr'>Filii?</span> <span class='ocrx_word' id='word_1_243' title='bbox 658 2382 766 2440; x_wconf 86' lang='lat' dir='ltr'>Aut</span> <span class='ocrx_word' id='word_1_244' title='bbox 792 2380 940 2442; x_wconf 88' lang='lat' dir='ltr'>unde</span> <span class='ocrx_word' id='word_1_245' title='bbox 964 2395 1147 2462; x_wconf 88' lang='lat' dir='ltr'>potest</span> <span class='ocrx_word' id='word_1_246' title='bbox 1167 2381 1343 2442; x_wconf 86' lang='lat' dir='ltr'>facere</span> <span class='ocrx_word' id='word_1_247' title='bbox 1365 2383 1535 2442; x_wconf 88' lang='lat' dir='ltr'>Filius</span> <span class='ocrx_word' id='word_1_248' title='bbox 1550 2430 1566 2456; x_wconf 83' lang='lat'><strong><em>‚</em></strong></span> <span class='ocrx_word' id='word_1_249' title='bbox 1590 2384 1696 2442; x_wconf 88' lang='lat' dir='ltr'>nisi</span> <span class='ocrx_word' id='word_1_250' title='bbox 1716 2406 1844 2465; x_wconf 84' lang='lat' dir='ltr'>quae</span> 
     </span>
     <span class='ocr_line' id='line_1_25' title="bbox 115 2468 1845 2553; baseline 0.002 -26"><span class='ocrx_word' id='word_1_251' title='bbox 115 2469 322 2550; x_wconf 88' lang='lat' dir='ltr'>placita</span> <span class='ocrx_word' id='word_1_252' title='bbox 343 2480 472 2529; x_wconf 91' lang='lat' dir='ltr'>sunt</span> <span class='ocrx_word' id='word_1_253' title='bbox 498 2468 667 2540; x_wconf 87' lang='lat' dir='ltr'>Patri,</span> <span class='ocrx_word' id='word_1_254' title='bbox 708 2489 865 2549; x_wconf 90' lang='lat' dir='ltr'>aquo</span> <span class='ocrx_word' id='word_1_255' title='bbox 893 2468 1067 2530; x_wconf 90' lang='lat' dir='ltr'>habet</span> <span class='ocrx_word' id='word_1_256' title='bbox 1093 2473 1277 2529; x_wconf 91' lang='lat' dir='ltr'>omnia</span> <span class='ocrx_word' id='word_1_257' title='bbox 1303 2471 1363 2529; x_wconf 86' lang='lat' dir='ltr'>in</span> <span class='ocrx_word' id='word_1_258' title='bbox 1383 2471 1587 2551; x_wconf 88' lang='lat' dir='ltr'>quibus</span> <span class='ocrx_word' id='word_1_259' title='bbox 1619 2473 1845 2553; x_wconf 64' lang='lat' dir='ltr'>aequalis</span> 
     </span>
     <span class='ocr_line' id='line_1_26' title="bbox 121 2555 1841 2640; baseline 0.001 -24"><span class='ocrx_word' id='word_1_260' title='bbox 121 2569 200 2616; x_wconf 88' lang='lat' dir='ltr'>est</span> <span class='ocrx_word' id='word_1_261' title='bbox 230 2556 423 2615; x_wconf 70' lang='lat' dir='ltr'>Patri?</span> <span class='ocrx_word' id='word_1_262' title='bbox 468 2555 764 2628; x_wconf 88' lang='lat' dir='ltr'>Quomodo</span> <span class='ocrx_word' id='word_1_263' title='bbox 784 2575 896 2615; x_wconf 90' lang='lat' dir='ltr'>non</span> <span class='ocrx_word' id='word_1_264' title='bbox 928 2558 1126 2632; x_wconf 84' lang='lat' dir='ltr'>gratias</span> <span class='ocrx_word' id='word_1_265' title='bbox 1167 2559 1280 2633; x_wconf 86' lang='lat' dir='ltr'>agit</span> <span class='ocrx_word' id='word_1_266' title='bbox 1313 2558 1462 2617; x_wconf 88' lang='lat' dir='ltr'>Patri</span> <span class='ocrx_word' id='word_1_267' title='bbox 1493 2558 1561 2617; x_wconf 91' lang='lat' dir='ltr'>de</span> <span class='ocrx_word' id='word_1_268' title='bbox 1587 2581 1698 2640; x_wconf 90' lang='lat' dir='ltr'>quo</span> <span class='ocrx_word' id='word_1_269' title='bbox 1727 2573 1805 2619; x_wconf 89' lang='lat' dir='ltr'>est</span> <span class='ocrx_word' id='word_1_270' title='bbox 1827 2606 1841 2631; x_wconf 85' lang='lat'>‚</span> 
     </span>
     <span class='ocr_line' id='line_1_27' title="bbox 118 2644 1848 2728; baseline 0.002 -23"><span class='ocrx_word' id='word_1_271' title='bbox 118 2646 423 2728; x_wconf 87' lang='lat' dir='ltr'>praesertim</span> <span class='ocrx_word' id='word_1_272' title='bbox 450 2644 508 2704; x_wconf 91' lang='lat' dir='ltr'>in</span> <span class='ocrx_word' id='word_1_273' title='bbox 544 2644 720 2707; x_wconf 87' lang='lat' dir='ltr'>forma</span> <span class='ocrx_word' id='word_1_274' title='bbox 756 2645 926 2718; x_wconf 86' lang='lat' dir='ltr'>servi,</span> <span class='ocrx_word' id='word_1_275' title='bbox 957 2646 1016 2705; x_wconf 90' lang='lat' dir='ltr'>in</span> <span class='ocrx_word' id='word_1_276' title='bbox 1057 2667 1167 2727; x_wconf 87' lang='lat' dir='ltr'>qua</span> <span class='ocrx_word' id='word_1_277' title='bbox 1200 2646 1296 2706; x_wconf 91' lang='lat' dir='ltr'>illo</span> <span class='ocrx_word' id='word_1_278' title='bbox 1326 2648 1506 2706; x_wconf 89' lang='lat' dir='ltr'>minor</span> <span class='ocrx_word' id='word_1_279' title='bbox 1535 2653 1648 2707; x_wconf 68' lang='lat' dir='ltr'>est?</span> <span class='ocrx_word' id='word_1_280' title='bbox 1688 2650 1848 2721; x_wconf 83' lang='lat' dir='ltr'>Quo—</span> 
     </span>
     <span class='ocr_line' id='line_1_28' title="bbox 120 2733 1850 2817; baseline 0.001 -24"><span class='ocrx_word' id='word_1_281' title='bbox 120 2733 286 2794; x_wconf 90' lang='lat' dir='ltr'>modo</span> <span class='ocrx_word' id='word_1_282' title='bbox 311 2754 423 2793; x_wconf 88' lang='lat' dir='ltr'>non</span> <span class='ocrx_word' id='word_1_283' title='bbox 451 2735 666 2793; x_wconf 91' lang='lat' dir='ltr'>Patrem</span> <span class='ocrx_word' id='word_1_284' title='bbox 686 2747 841 2809; x_wconf 79' lang='lat' dir='ltr'>rogat</span> <span class='ocrx_word' id='word_1_285' title='bbox 866 2748 929 2793; x_wconf 89' lang='lat' dir='ltr'>ut</span> <span class='ocrx_word' id='word_1_286' title='bbox 959 2735 1152 2807; x_wconf 82' lang='lat' dir='ltr'>homo,</span> <span class='ocrx_word' id='word_1_287' title='bbox 1182 2735 1282 2817; x_wconf 89' lang='lat' dir='ltr'>qui</span> <span class='ocrx_word' id='word_1_288' title='bbox 1303 2756 1431 2795; x_wconf 92' lang='lat' dir='ltr'>cum</span> <span class='ocrx_word' id='word_1_289' title='bbox 1456 2739 1615 2795; x_wconf 88' lang='lat' dir='ltr'>Patre</span> <span class='ocrx_word' id='word_1_290' title='bbox 1631 2737 1850 2796; x_wconf 87' lang='lat' dir='ltr'>exaudit</span> 
     </span>
     <span class='ocr_line' id='line_1_29' title="bbox 122 2819 1852 2924; baseline 0.002 -44"><span class='ocrx_word' id='word_1_291' title='bbox 122 2834 184 2880; x_wconf 90' lang='lat' dir='ltr'>ut</span> <span class='ocrx_word' id='word_1_292' title='bbox 212 2823 396 2879; x_wconf 61' lang='lat' dir='ltr'>Deus?</span> <span class='ocrx_word' id='word_1_293' title='bbox 434 2819 570 2892; x_wconf 88' lang='lat' dir='ltr'>Quis</span> <span class='ocrx_word' id='word_1_294' title='bbox 596 2834 775 2881; x_wconf 89' lang='lat' dir='ltr'>autem</span> <span class='ocrx_word' id='word_1_295' title='bbox 805 2825 851 2880; x_wconf 83' lang='lat' dir='ltr'><em>C</em></span> <span class='ocrx_word' id='word_1_296' title='bbox 854 2822 1180 2883; x_wconf 81' lang='lat' dir='ltr'>hristianus</span> <span class='ocrx_word' id='word_1_297' title='bbox 1164 2836 1377 2898; x_wconf 78' lang='lat' dir='ltr'>ignorat</span> <span class='ocrx_word' id='word_1_298' title='bbox 1394 2823 1545 2924; x_wconf 81' lang='lat' dir='ltr'>quod</span> <span class='ocrx_word' id='word_1_299' title='bbox 1571 2828 1730 2883; x_wconf 86' lang='lat' dir='ltr'>Pater</span> <span class='ocrx_word' id='word_1_300' title='bbox 1752 2826 1852 2903; x_wconf 84' lang='lat' dir='ltr'>mi-</span> 
     </span>
    </p>

    <p class='ocr_par' dir='ltr' id='par_1_7' title="bbox 30 2908 1852 3083">
     <span class='ocr_line' id='line_1_30' title="bbox 125 2908 1852 2989; baseline 0.002 -20"><span class='ocrx_word' id='word_1_301' title='bbox 125 2911 278 2983; x_wconf 84' lang='lat' dir='ltr'>serit,</span> <span class='ocrx_word' id='word_1_302' title='bbox 313 2908 615 2989; x_wconf 89' lang='lat' dir='ltr'>missusque</span> <span class='ocrx_word' id='word_1_303' title='bbox 657 2911 725 2968; x_wconf 90' lang='lat' dir='ltr'>sit</span> <span class='ocrx_word' id='word_1_304' title='bbox 755 2910 964 2972; x_wconf 62' lang='lat' dir='ltr'>Filius?</span> <span class='ocrx_word' id='word_1_305' title='bbox 996 2914 1122 2971; x_wconf 89' lang='lat' dir='ltr'>Non</span> <span class='ocrx_word' id='word_1_306' title='bbox 1147 2912 1291 2972; x_wconf 91' lang='lat' dir='ltr'>enim</span> <span class='ocrx_word' id='word_1_307' title='bbox 1338 2914 1634 2988; x_wconf 84' lang='lat' dir='ltr'>genitorem</span> <span class='ocrx_word' id='word_1_308' title='bbox 1682 2916 1754 2973; x_wconf 86' lang='lat' dir='ltr'>ab</span> <span class='ocrx_word' id='word_1_309' title='bbox 1789 2937 1852 2973; x_wconf 87' lang='lat' dir='ltr'>eo</span> 
     </span>
     <span class='ocr_line' id='line_1_31' title="bbox 30 2996 1854 3083; baseline 0.002 -25"><span class='ocrx_word' id='word_1_310' title='bbox 30 3039 36 3046; x_wconf 85' lang='lat'><em>.</em></span> <span class='ocrx_word' id='word_1_311' title='bbox 126 3020 288 3080; x_wconf 90' lang='lat' dir='ltr'>quem</span> <span class='ocrx_word' id='word_1_312' title='bbox 313 2997 520 3075; x_wconf 84' lang='lat' dir='ltr'>genuit,</span> <span class='ocrx_word' id='word_1_313' title='bbox 555 2996 647 3061; x_wconf 89' lang='lat' dir='ltr'>sed</span> <span class='ocrx_word' id='word_1_314' title='bbox 671 2998 913 3073; x_wconf 84' lang='lat' dir='ltr'>genitum</span> <span class='ocrx_word' id='word_1_315' title='bbox 938 3022 968 3060; x_wconf 88' lang='lat' dir='ltr'>a</span> <span class='ocrx_word' id='word_1_316' title='bbox 995 3001 1233 3077; x_wconf 86' lang='lat' dir='ltr'>genitore</span> <span class='ocrx_word' id='word_1_317' title='bbox 1248 3001 1392 3060; x_wconf 79' lang='lat' dir='ltr'>mini</span> <span class='ocrx_word' id='word_1_318' title='bbox 1408 3003 1736 3083; x_wconf 85' lang='lat' dir='ltr'>oportebat.</span> <span class='ocrx_word' id='word_1_319' title='bbox 1764 3026 1854 3067; x_wconf 83' lang='lat' dir='ltr'>ve-</span> 
     </span>
    </p>
   </div>
   <div class='ocr_carea' id='block_1_5' title="bbox 42 3127 1858 3257">
    <p class='ocr_par' dir='ltr' id='par_1_8' title="bbox 42 3127 1858 3257">
     <span class='ocr_line' id='line_1_32' title="bbox 188 3127 1856 3190; baseline 0.004 -18"><span class='ocrx_word' id='word_1_320' title='bbox 188 3132 203 3161; x_wconf 86' lang='lat'><strong>¹</strong></span> <span class='ocrx_word' id='word_1_321' title='bbox 225 3135 345 3175; x_wconf 77' lang='lat' dir='ltr'>Joan.</span> <span class='ocrx_word' id='word_1_322' title='bbox 365 3144 453 3179; x_wconf 86' lang='lat' dir='ltr'>xv1‚</span> <span class='ocrx_word' id='word_1_323' title='bbox 473 3131 541 3170; x_wconf 84' lang='lat'>25.</span> <span class='ocrx_word' id='word_1_324' title='bbox 560 3150 614 3160; x_wconf 89' lang='lat'>—</span> <span class='ocrx_word' id='word_1_325' title='bbox 637 3127 658 3158; x_wconf 78' lang='lat'><em>2</em></span> <span class='ocrx_word' id='word_1_326' title='bbox 678 3129 828 3186; x_wconf 80' lang='lat' dir='ltr'>Philip.</span> <span class='ocrx_word' id='word_1_327' title='bbox 852 3145 899 3175; x_wconf 76' lang='grc' dir='ltr'>ιι.</span> <span class='ocrx_word' id='word_1_328' title='bbox 915 3153 974 3163; x_wconf 89' lang='grc'><strong>-</strong></span> <span class='ocrx_word' id='word_1_329' title='bbox 1002 3129 1022 3163; x_wconf 76' lang='grc'><strong>3</strong></span> <span class='ocrx_word' id='word_1_330' title='bbox 1053 3132 1155 3174; x_wconf 79' lang='lat' dir='ltr'>Psal.</span> <span class='ocrx_word' id='word_1_331' title='bbox 1187 3148 1284 3178; x_wconf 82' lang='lat' dir='ltr'>vm.</span> <span class='ocrx_word' id='word_1_332' title='bbox 1318 3157 1374 3166; x_wconf 92' lang='lat'>·-</span> <span class='ocrx_word' id='word_1_333' title='bbox 1399 3131 1419 3163; x_wconf 72' lang='lat'>⁴</span> <span class='ocrx_word' id='word_1_334' title='bbox 1441 3137 1563 3179; x_wconf 87' lang='lat' dir='ltr'>Joan.</span> <span class='ocrx_word' id='word_1_335' title='bbox 1590 3150 1685 3187; x_wconf 82' lang='lat' dir='ltr'>vm,</span> <span class='ocrx_word' id='word_1_336' title='bbox 1710 3151 1780 3190; x_wconf 79' lang='lat'>29.</span> <span class='ocrx_word' id='word_1_337' title='bbox 1801 3161 1856 3169; x_wconf 93' lang='lat'>——</span> 
     </span>
     <span class='ocr_line' id='line_1_33' title="bbox 42 3193 1858 3257; baseline 0.003 -18"><span class='ocrx_word' id='word_1_338' title='bbox 42 3219 50 3224; x_wconf 68' lang='lat'><em>,</em></span> <span class='ocrx_word' id='word_1_339' title='bbox 131 3195 148 3225; x_wconf 84' lang='lat'>⁵</span> <span class='ocrx_word' id='word_1_340' title='bbox 172 3197 234 3241; x_wconf 78' lang='lat' dir='ltr'>td.</span> <span class='ocrx_word' id='word_1_341' title='bbox 260 3211 317 3246; x_wconf 69' lang='grc' dir='ltr'>ιιι,</span> <span class='ocrx_word' id='word_1_342' title='bbox 334 3204 408 3243; x_wconf 75' lang='lat'>41.</span> <span class='ocrx_word' id='word_1_343' title='bbox 431 3217 488 3227; x_wconf 91' lang='lat'>—</span> <span class='ocrx_word' id='word_1_344' title='bbox 508 3193 528 3224; x_wconf 72' lang='grc' dir='ltr'>ὓ</span> <span class='ocrx_word' id='word_1_345' title='bbox 559 3195 623 3239; x_wconf 79' lang='lat' dir='ltr'>ld.</span> <span class='ocrx_word' id='word_1_346' title='bbox 648 3209 706 3248; x_wconf 82' lang='lat' dir='ltr'>xx,</span> <span class='ocrx_word' id='word_1_347' title='bbox 726 3204 767 3245; x_wconf 73' lang='grc'>4.</span> <span class='ocrx_word' id='word_1_348' title='bbox 785 3219 842 3228; x_wconf 92' lang='grc'><strong>-</strong></span> <span class='ocrx_word' id='word_1_349' title='bbox 861 3195 880 3227; x_wconf 84' lang='lat'>&#39;¹</span> <span class='ocrx_word' id='word_1_350' title='bbox 901 3198 1051 3243; x_wconf 75' lang='lat' dir='ltr'>Matth.</span> <span class='ocrx_word' id='word_1_351' title='bbox 1083 3212 1197 3252; x_wconf 76' lang='lat' dir='ltr'>xxvt,</span> <span class='ocrx_word' id='word_1_352' title='bbox 1227 3202 1299 3245; x_wconf 75' lang='lat'>26.</span> <span class='ocrx_word' id='word_1_353' title='bbox 1330 3218 1389 3233; x_wconf 87' lang='grc'>-·-</span> <span class='ocrx_word' id='word_1_354' title='bbox 1407 3196 1427 3230; x_wconf 77' lang='lat'>⁸</span> <span class='ocrx_word' id='word_1_355' title='bbox 1448 3201 1579 3248; x_wconf 77' lang='lat' dir='ltr'>Marc.</span> <span class='ocrx_word' id='word_1_356' title='bbox 1608 3216 1702 3257; x_wconf 83' lang='lat' dir='ltr'>vm,</span> <span class='ocrx_word' id='word_1_357' title='bbox 1739 3205 1779 3247; x_wconf 87' lang='grc'>6.</span> <span class='ocrx_word' id='word_1_358' title='bbox 1803 3227 1858 3234; x_wconf 88' lang='grc'><strong>-</strong></span> 
     </span>
    </p>
   </div>
   <div class='ocr_carea' id='block_1_6' title="bbox 34 3262 473 3314">
    <p class='ocr_par' dir='ltr' id='par_1_9' title="bbox 34 3262 473 3314">
     <span class='ocr_line' id='line_1_34' title="bbox 34 3262 473 3314; baseline 0.002 -8"><span class='ocrx_word' id='word_1_359' title='bbox 34 3296 38 3300; x_wconf 77' lang='lat'><em>.</em></span> <span class='ocrx_word' id='word_1_360' title='bbox 129 3262 149 3291; x_wconf 79' lang='grc'><strong>9</strong></span> <span class='ocrx_word' id='word_1_361' title='bbox 171 3267 293 3307; x_wconf 84' lang='lat' dir='ltr'>Joan.</span> <span class='ocrx_word' id='word_1_362' title='bbox 320 3277 377 3314; x_wconf 78' lang='lat' dir='ltr'>vr,</span> <span class='ocrx_word' id='word_1_363' title='bbox 403 3277 473 3307; x_wconf 85' lang='lat'>11.</span> 
     </span>
    </p>
   </div>
  </div>
 </body>
</html>
