2144 3808
574 325 645 366 nt
683 321 1005 375 mmmm,
1048 322 1160 364 ms.
1191 325 1300 366 ⁴111.
1696 313 1829 393 289:

87 405 170 467 lex
198 406 323 489 ipsa
348 407 479 467 data
503 403 930 466 manifestissime
959 403 1263 483 ostenditur
1281 452 1297 478 ,
1325 425 1491 487 quam
1510 406 1657 470 certe
1684 412 1829 472 nul-·

85 494 171 553 lus
191 495 436 555 fidelium
450 494 670 554 dubitat
688 494 865 551 Deum
890 491 1100 550 dedisse
1121 494 1299 574 Moysi
1318 494 1390 552 ad
1408 495 1818 573 subjugandum

84 584 359 665 populum
390 583 595 654 Israel,
627 582 722 641 sed
746 596 930 640 tamen
951 601 1061 661 -per
1083 582 1316 657 Angelos
1346 582 1550 646 datam.
1585 587 1669 644 Ita
1691 588 1816 645 Ste-
1846 605 1850 608 ’

85 668 318 752 phanus
338 672 586 753 loquitur
610 694 631 729 z
676 696 704 725 c<
742 671 897 729 Dura
926 668 1171 742 cervice,
1207 670 1423 755 inquit,
1471 686 1525 731 et
1562 695 1674 732 non
1702 676 1818 749 cir-

86 786 119 815 »
135 761 365 820 cumcisi
380 759 546 819 corde
562 772 617 818 et
631 758 880 830 auribuS,
902 778 1000 816 vos
1022 778 1239 838 semper
1253 759 1486 840 Spiritui
1506 775 1695 821 sancto
1711 785 1819 822 res-

87 875 116 904 »
136 849 350 921 titistis,
378 849 518 907 sicut
540 861 594 907 et
617 859 802 928 patres
829 845 1012 907 vestri:
1048 845 1227 916 Quem
1257 846 1668 928 Prophetarum
1688 873 1819 910 ¹non

87 964 117 995 n
135 937 407 1019 persecuti
427 950 554 995 sunt
575 949 758 1017 patres
782 934 981 996 vestri}>
1008 934 1080 992 Et
1105 934 1428 995 occiderunt
1446 959 1536 997 eos
1556 939 1653 1020 qui
1676 940 1833 1021 prae?

88 1052 116 1080 >)
137 1026 469 1085 nuntiabant
497 1024 567 1083 de
597 1023 835 1084 adventu
866 1022 1005 1081 Justi
1026 1069 1041 1094 ‚
1068 1026 1224 1098 cujus
1258 1045 1408 1084 nunc
1435 1046 1531 1087 vos
1560 1027 1819 1107 prodito-

88 1139 117 1168 »
134 1135 219 1173 res
233 1127 287 1172 et
303 1113 673 1173 interfectores
692 1111 868 1171 fuistis
886 1155 902 1181 ,
926 1110 1025 1191 qui
1047 1110 1331 1191 accepistis
1348 1112 1521 1191 legem
1547 1114 1607 1174 in
1630 1115 1823 1174 edictis

88 1228 116 1258 ι)
137 1202 499 1279 Angelorum,
544 1222 646 1260 nec
687 1198 1069 1259 custodistis1?
1091 1225 1118 1252 >2
1147 1199 1313 1283 ⁴Quid
1337 1201 1448 1261 hoc
1478 1203 1782 1263 evidentius
1798 1249 1816 1277 ,

89 1291 226 1372 quid
248 1305 402 1350 tanta
432 1290 756 1350 auctoritate
782 1288 1103 1348 robustius?
1133 1289 1200 1346 In
1223 1288 1417 1349 edictis
1445 1292 1667 1372 quidem
1700 1294 1820 1352 An·-

88 1380 335 1456 gelorum
351 1379 433 1437 lex
454 1379 536 1438 illi
558 1379 773 1460 populo
795 1377 924 1437 data
943 1390 1022 1435 est
1051 1399 1065 1434 :
1099 1377 1191 1434 sed
1212 1380 1438 1438 Domini
1458 1382 1492 1438 J
1495 1402 1590 1439 esu
1615 1381 1824 1441 Christi

88 1489 188 1548 per
231 1489 351 1526 eam
389 1467 789 1548 disponebatur
829 1479 885 1524 et
925 1465 1404 1546 praenuntiabatur
1439 1468 1736 1539 adventus3
1770 1483 1824 1528 et

88 1555 205 1635 ipse
228 1568 491 1637 tanquam
512 1555 756 1615 Verbum
785 1554 888 1614 Dei
915 1555 1055 1611 miro
1075 1566 1132 1611 et·
1156 1553 1422 1613 ineffabili
1444 1557 1610 1616 modo
1628 1559 1823 1616 eratin

91 1643 308 1719 Angelis
326 1690 343 1716 ,
373 1644 432 1701 in
464 1664 705 1722 quorum
733 1641 926 1700 edictis
947 1640 1030 1698 lex
1055 1641 1174 1719 ipsa
1202 1641 1457 1704 dabatur.
1501 1645 1659 1703 Unde
1686 1645 1825 1704 dicit

87 1732 148 1790 in
177 1731 475 1809 Evangelio
503 1753 517 1789 ε
552 1757 579 1785 (ε
610 1731 670 1789 Si
690 1729 1186 1808 crederetivaoysi
1201 1776 1218 1802 ‚
1252 1730 1540 1790 crederetis
1575 1747 1630 1792 et
1649 1734 1820 1805 mihi,

90 1846 122 1874 >1
141 1820 210 1878 de
230 1843 317 1879 me
345 1821 489 1879 enim
514 1820 607 1879 ille
635 1819 914 1900 scripsit2.
944 1845 971 1872 >2
1002 1822 1108 1876 Per
1137 1818 1370 1895 Angelos
1401 1842 1528 1896 ergo
1547 1835 1682 1881 tunc
1707 1824 1828 1881 Do-

89 1908 272 1966 minus
293 1908 657 1989 loquebatur,
689 1929 791 1988 per
817 1906 1050 1982 Angelos
1079 1905 1246 1964 Filius
1267 1907 1404 1979 Dei,
1433 1909 1700 1969 mediator
1721 1911 1825 1968 Dei

90 2009 145 2055 et
169 1996 459 2055 hominum
476 1996 696 2055 futurus
716 2017 777 2053 ex
815 1995 1016 2053 semine
1050 1994 1294 2053 Abrahae
1317 2017 1475 2055 suum
1498 1997 1827 2079 disponebat

93 2083 428 2145 adventum-⁹³
447 2131 462 2156 ,
491 2098 552 2143 ut
574 2083 849 2144 inveniret
877 2105 907 2141 a
935 2082 1139 2162 quibus
1167 2083 1528 2163 reciperetur,
1558 2088 1830 2145 confiten-

91 2186 170 2232 tes
200 2195 254 2231 se
283 2194 428 2244 reos,
457 2194 596 2254 quos
623 2173 707 2231 lex
742 2194 857 2231 non
894 2171 1122 2252 impleta
1157 2171 1358 2230 fecerat
1388 2187 1816 2251 transgressores·

92 2260 253 2319 Unde
295 2270 350 2320 et
381 2260 679 2341 Apostolus
716 2259 786 2318 ad
826 2259 1048 2317 Galatas
1074 2259 1250 2317 dicit:
1293 2287 1320 2314 c<
1344 2260 1497 2332 Quid
1537 2269 1677 2339 ergo
1703 2264 1824 2322 lex?

91 2374 119 2402 »
142 2350 600 2424 Transgressionis
630 2348 799 2424 gratia
827 2348 1007 2428 posita
1040 2361 1148 2419 est,
1183 2347 1358 2408 donec
1395 2351 1603 2409 veniret
1639 2373 1821 2410 semen

90 2462 119 2491 »
143 2437 231 2494 cui
255 2437 583 2515 promissum
607 2449 706 2507 est,
727 2435 1055 2516 dispositum
1075 2456 1174 2515 per
1192 2436 1495 2512 Angelosin
1517 2448 1822 2500 manu'me-

92 2550 120 2580 ›>
143 2522 397 2582 diatorisl‘
426 2546 441 2581 ς
472 2551 499 2578 »
533 2524 645 2581 hoc
670 2536 776 2594 est,
811 2522 1134 2603 dispositum
1169 2545 1269 2603 per
1300 2526 1533 2600 Angelos
1558 2527 1617 2585 in
1654 2549 1824 2587 manu

93 2633 207 2670 sua.
243 2614 367 2670 Non
388 2612 532 2670 enim
557 2625 716 2670 natus
738 2623 817 2669 est
837 2632 937 2690 per
960 2610 1332 2669 conditionem
1350 2658 1364 2681 ‚
1389 2612 1482 2670 sed
1512 2635 1611 2694 per
1631 2629 1824 2696 potes—

94 2713 278 2759 tatem.
319 2699 486 2772 Quod
510 2713 690 2757 autem
716 2720 830 2756 non
855 2698 1089 2778 aliquem
1118 2699 1422 2774 ex'Angelis
1447 2700 1584 2758 dicit
1609 2702 1826 2761 media·-

96 2801 267 2846 torem
290 2834 305 2858 ‚
339 2788 430 2845 sed
458 2787 642 2867 ipsum
668 2787 970 2845 Dominum
1000 2791 1181 2844 Jesum
1214 2787 1501 2846 Christum
1519 2835 1534 2860 ‚
1560 2789 1618 2846 in
1641 2812 1826 2871 quan-

96 2889 214 2934 tum
248 2875 419 2933 homo
455 2875 572 2932 fieri
608 2873 863 2950 dignatus
898 2887 977 2932 est
999 2920 1013 2945 ‚
1048 2873 1218 2931 habes
1255 2874 1362 2932 alio
1383 2873 1506 2934 loco
1535 2898 1548 2933 :
1583 2902 1609 2930 c<
1636 2879 1822 2952 Unu8,

98 2989 127 3018 2>
149 2964 332 3043 inquit
348 3010 361 3034 ‚
387 2964 532 3021 Deus
547 3007 562 3033 ,
589 2974 642 3019 ct
666 2983 805 3021 unus
826 2961 1094 3020 mediator
1109 2961 1214 3019 Dei
1238 2975 1291 3019 et
1311 2961 1603 3022 hominum
1619 3012 1633 3037 ‚
1656 2966 1826 3025 homo

98 3077 127 3106 >2
148 3051 400 3109 Christus
429 3048 637 3108 Jesu85.
681 3074 709 3101 >³
750 3049 896 3109 Hinc
933 3048 1075 3108 illud
1117 3049 1328 3109 Pascha
1362 3051 1418 3108 in
1453 3051 1829 3113 interfectione

126 3185 128 3188 ’
161 3173 177 3202 ¹
198 3177 290 3216 Act.
314 3187 389 3229 vn,
409 3170 590 3215 51.--²
612 3176 734 3216 Joam
755 3186 794 3226 v,
817 3174 891 3220 46.
913 3194 972 3204 -
991 3169 1011 3203 ³
1032 3187 1049 3216 ι
1072 3173 1180 3218 Tim.
1200 3183 1250 3230 υ,
1271 3174 1313 3218 5.
1335 3171 1428 3206 —4
1443 3176 1575 3218 Galat.
1593 3189 1659 3235 ιιι,
1690 3193 1758 3231 ¹9.
1774 3205 1832 3215 .-

100 3238 467 3293 ⁶1Tffihu‚ffi.

265 3325 512 3366 CXXXVII.
1611 3330 1680 3392 19
