2144 3808
337 338 601 378 COLLATlO
646 337 760 376 CUM
801 337 1094 376 MAXIMINO
1138 336 1472 376 ARIANORUM
1515 337 1687 376 EPISC.
1781 318 1856 396 37

145 421 406 502 sapientia
430 419 614 496 genuit
635 419 852 478 Filium.
884 420 1006 476 Non
1025 464 1039 489 ‚
1066 431 1127 475 ut
1148 418 1477 476 calumniam
1505 418 1761 476 facientes
1782 418 1863 476 di-

144 511 294 580 citis,
324 507 584 588 quoniam
607 507 766 565 sicuti
788 506 891 564 alia
914 520 1161 564 creatura
1183 527 1243 563 ex
1271 505 1449 563 nihilo
1476 503 1619 562 facta
1642 518 1754 573 est,
1784 506 1863 564 ita

144 611 197 656 et
216 598 543 678 profitemur
563 595 713 675 quod
742 618 803 654 ex
823 595 999 653 nihilo
1028 595 1182 675 quasi
1207 615 1346 652 unus
1385 593 1452 650 de
1493 594 1754 650 creaturis
1795 594 1865 651 sit

141 686 336 745 factus,
363 684 530 757 Quod
551 684 775 765 quidem
808 683 936 742 audi
967 684 1343 742 auctoritatem
1366 680 1645 761 synodicae
1667 679 1863 737 lectio-

141 774 247 844 niS‚
267 774 396 855 quia
417 774 475 832 in
491 773 737 833 Arimino
758 785 940 852 patres
967 772 1136 829 nostri
1156 772 1298 831 inter
1318 783 1513 829 caetera
1530 783 1582 827 et
1600 769 1710 826 hoc
1724 767 1866 826 dixe-

140 874 271 920 runt
295 884 308 919 ε
333 863 390 920 Si
409 861 531 943 quis
555 882 616 918 ex
639 860 817 918 nihilo
843 859 1043 918 Filium
1069 860 1227 933 dicit,
1248 872 1301 918 et
1323 880 1434 917 non
1447 878 1508 916 ex
1528 859 1644 915 Deo
1665 857 1828 914 Patre
1845 903 1861 929 ,

140 949 429 1008 anathema
470 950 552 1008 sit.
594 948 650 1007 Si
674 948 788 1021 viS,
823 970 946 1006 sane
986 948 1288 1006 testimonia
1329 947 1566 1028 profero,
1607 946 1698 1004 Ait
1721 946 1868 1003 enim

138 1039 216 1123 sic
258 1039 450 1096 beatus
486 1036 760 1118 apostolus
795 1038 1032 1095 Joannes
1066 1059 1080 1095 ε
1115 1064 1141 1090 c<
1165 1037 1276 1109 Qui
1304 1036 1484 1112 diligit
1522 1034 1818 1111 genitorem
1844 1042 1881 1106 ‚⁶

140 1153 166 1180 >³
196 1126 376 1204 diligit
401 1140 454 1184 et
475 1148 601 1184 eum
632 1126 729 1208 qui
756 1147 817 1184 ex
840 1147 902 1184 eo
936 1138 1097 1184 natus
1121 1125 1254 1184 est1.
1275 1152 1300 1178 n

226 1235 245 1273 1
259 1217 320 1286 [2⁰
336 1241 363 1268 c<
379 1215 553 1273 Miror
564 1232 822 1294 namque,
846 1214 1176 1273 charissime.
1200 1215 1342 1272 Cum
1359 1213 1504 1271 enirn
1521 1225 1572 1270 et
1587 1210 1861 1291 Spiritum

137 1316 384 1362 sanctum
413 1303 481 1362 de
526 1303 829 1361 substantia
865 1302 1042 1360 Patris
1080 1323 1188 1360 esse
1228 1301 1451 1372 dicam,
1500 1301 1544 1358 si
1587 1300 1755 1357 Filius
1796 1322 1858 1357 ex

136 1391 440 1450 substantia
467 1392 569 1449 Dei
595 1393 774 1449 Patris
799 1404 878 1448 est
898 1437 913 1461 ,
940 1390 1008 1449 de
1036 1391 1339 1449 substantia
1377 1389 1557 1448 Patris
1588 1402 1642 1446 et
1683 1388 1867 1467 Spiri-

137 1493 223 1537 tus
251 1493 500 1552 sanctUS,
536 1501 636 1537 cur
667 1500 807 1536 unus
843 1478 988 1536 filius
1017 1491 1130 1549 est,
1164 1491 1217 1535 et
1252 1478 1388 1536 alius
1424 1499 1535 1535 non
1574 1489 1652 1533 est
1673 1475 1860 1533 filius?

138 1568 290 1640 Quid
313 1569 470 1627 vobis
501 1568 735 1647 deliquit
753 1614 768 1638 ‚
803 1588 932 1625 cum
965 1587 1026 1624 ex
1053 1567 1242 1624 eadem
1272 1567 1341 1624 sit
1368 1565 1699 1631 substantia,
1734 1585 1864 1622 cum

136 1656 360 1739 aequalis
388 1657 458 1715 sit
490 1655 628 1714 Filio
647 1702 660 1727 ,
695 1669 756 1713 ut
779 1655 948 1725 dicis3
979 1676 1145 1735 quare
1167 1656 1311 1712 enim
1340 1676 1452 1712 non
1475 1653 1668 1733 etipse
1689 1652 1865 1710 haeres

135 1747 383 1805 omnium
406 1746 764 1814 constitutus;
798 1765 966 1825 quare
990 1765 1103 1801 non
1130 1757 1182 1801 et
1210 1743 1325 1824 ipse
1344 1743 1530 1800 filius?
1557 1761 1726 1821 quare
1754 1762 1866 1799 non

135 1848 188 1893 et
220 1836 335 1916 ipse
368 1857 431 1893 eo
455 1834 729 1893 vocabulo
769 1847 998 1893 vocatur
1022 1854 1132 1913 quo
1170 1846 1222 1890 et
1253 1832 1507 1890 Christus
1539 1852 1553 1887 :
1587 1855 1613 1882 α
1640 1827 1864 1887 Primo-

136 1950 163 1977 »
184 1925 394 2001 genitus
423 1924 598 1981 omnis
635 1923 969 1981 creaturae2p
996 1948 1024 1975 n
1068 1923 1178 1979 Aut
1206 1921 1249 1978 si
1283 1918 1508 2000 aequalis
1527 1965 1542 1989 ,
1586 1922 1703 1994 jam
1749 1937 1862 1974 non

134 2033 275 2071 unus
304 2012 611 2089 unigenitus
632 2057 647 2082 ,
691 2010 904 2068 habens
930 2023 983 2068 et
1012 2009 1246 2067 alterum
1272 2028 1457 2065 secum
1485 2005 1736 2082 genitum
1757 2050 1771 2075 ‚
1806 2017 1862 2062 et

133 2113 396 2181 praeterea
424 2121 485 2158 ex
505 2098 694 2157 eadem
719 2097 1023 2155 substantia
1045 2097 1223 2155 Patris
1240 2142 1255 2167 ‚
1289 2095 1435 2153 unde
1459 2107 1513 2152 et
1539 2092 1740 2151 Filium
1772 2091 1865 2149 di·-

134 2188 256 2247 citis
281 2210 407 2248 esse.
453 2187 620 2260 Quod
650 2185 872 2266 quidem
906 2199 959 2244 et
978 2185 1180 2244 doloris
1207 2197 1284 2242 est
1314 2183 1518 2242 audire.
1567 2185 1694 2240 Non
1716 2181 1863 2239 enim

134 2277 205 2336 ad
227 2277 423 2336 animae
445 2275 834 2352 ingenuitatem
865 2274 1194 2354 comparatis
1224 2272 1376 2331 illam
1406 2283 1614 2329 tantam
1643 2268 1863 2344 magni-

133 2368 437 2437 ficentiam,
472 2365 563 2423 sed
589 2365 658 2422 ad
691 2363 1039 2439 fragilitatem
1062 2362 1329 2443 corporiS.
1377 2362 1459 2418 De
1487 2380 1718 2441 corpore
1749 2357 1863 2416 uti—

132 2476 240 2538 que
259 2454 504 2513 nascitur
528 2473 655 2510 caro
680 2451 978 2530 corporalis
1008 2450 1152 2509 filius
1183 2473 1196 2508 :
1229 2472 1343 2508 non
1369 2462 1553 2507 tamen
1582 2447 1762 2506 anima
1795 2445 1863 2503 de

135 2542 313 2600 anima
349 2540 609 2598 nascitur.
665 2539 722 2596 Si
753 2558 879 2613 ergo
923 2551 1109 2596 nostra
1151 2538 1331 2595 anima
1365 2533 1863 2615 incorruptibiliter

133 2642 351 2707 generat
371 2643 425 2686 et
454 2626 864 2708 impassibiliter
882 2672 896 2696 ‚
922 2624 1131 2683 nullam
1160 2625 1391 2682 sentiens
1413 2621 1858 2691 diminutionem,

133 2740 245 2778 non
273 2716 706 2798 inquinationem
736 2713 974 2794 aliquam
995 2738 1010 2782 ;
1035 2712 1129 2770 sed
1154 2711 1392 2787 legitime
1416 2708 1718 2768 secundum
1734 2712 1863 2783 jura

134 2807 320 2867 divina
337 2817 554 2882 generat
573 2802 750 2861 filium
766 2847 781 2873 ,
802 2801 1068 2882 sapientia
1090 2820 1412 2858 consensum
1438 2794 1860 2871 accommodans

135 2893 357 2976 corpori
392 2893 511 2973 ipsa
547 2893 754 2967 integra
791 2903 973 2948 manet
1004 2912 1018 2947 ε
1064 2901 1269 2970 quanto
1298 2887 1467 2963 magis
1507 2885 1855 2974 omnipotens

134 2986 319 3044 Deus?
344 2987 460 3058 jam
489 2994 542 3038 et
563 2980 731 3061 paulo
765 2993 888 3037 ante
909 2979 1053 3051 dixi,
1081 2978 1151 3036 ad
1177 2998 1339 3058 quem
1363 2976 1540 3035 omnis
1559 2994 1856 3054 compara-

134 3074 215 3133 tio
248 3072 494 3131 humana
532 3069 714 3140 sileat,
760 3081 942 3127 tamen
975 3080 1036 3126 ut
1062 3066 1306 3127 valemus
1347 3065 1524 3124 dicere
1554 3082 1848 3132 conamur,

134 3174 343 3244 quanto
374 3158 544 3234 magis
573 3159 721 3215 'Deus
755 3159 918 3215 Pater
942 3155 1378 3239 incorruptibilis
1407 3148 1857 3233 incorruptibili-

198 3267 212 3296 ¹
240 3281 255 3306 1
280 3270 399 3308 Joan.
420 3281 461 3309 v.
498 3278 534 3306 1.
557 3260 649 3294 —2
670 3262 879 3319 Coloss.1,
901 3263 973 3309 15,
