2144 3808
377 304 600 345 commi
644 298 976 344 mxmmuu'
1019 301 1300 355 AmANuM,
1345 305 1459 344 mn.
1510 306 1576 347 11.
1745 287 1860 347 133'

134 388 210 446 ris
238 386 434 445 sanctis
460 385 765 444 locutiones
782 431 798 457 ‚
834 397 1102 465 quantum
1122 384 1247 443 satis
1271 383 1592 457 videbatur,
1618 386 1855 460 ostendi,

138 476 399 556 quoniam
420 474 496 532 sic
519 472 724 531 dicitur
744 493 951 549 gemere
970 472 1208 553 Spiritus
1231 485 1449 531 sanetus
1465 517 1480 543 ‚
1508 473 1638 552 quia
1661 496 1761 532 nos
1779 474 1859 534 fa-

137 564 213 621 cit
241 582 482 638 gemere3
507 560 650 618 sicut
677 560 812 618 dixit
834 561 977 619 Deus
1006 583 1020 618 ε
1046 586 1071 612 c<
1099 561 1259 619 Nunc
1278 558 1564 637 cognovi1,
1590 562 1857 641 »quando

122 649 768 732 ‘cognoscerevhominem
814 649 960 709 fecit.
1012 650 1138 708 Non
1177 649 1322 708 enim
1350 661 1486 708 tunc
1529 663 1858 726 cognoverat
1897 694 1902 700 .

133 737 284 819 quod
303 751 432 797 tunc
449 760 502 796 se
521 738 727 796 dixerat
741 737 1052 814 cognovisse
1067 783 1082 809 ,
1117 737 1214 818 qui
1236 736 1422 796 omnia
1437 736 1542 796 scit
1563 749 1857 818 antequam

133 829 283 886 fiant.
308 825 393 884 Ad
423 825 574 906 quod
603 839 655 886 te
677 824 1008 906 respondere
1035 846 1145 884 non
1169 826 1410 907 potuisse
1428 871 1444 898 ‚
1470 823 1610 908 quid
1628 825 1857 907 prodest

130 915 261 995 quia
291 915 451 973 sentis
470 961 484 986 ‚
512 914 734 995 quando
756 936 867 973 non
895 914 1200 974 consentis?

211 1003 334 1062 XX.
382 1015 436 1061 1⁰
466 1007 586 1060 Jam
615 1002 777 1061 etiam
798 1002 866 1061 de
884 1002 1066 1062 verbis
1095 1002 1320 1061 Domini
1347 1002 1447 1062 ubi
1478 1002 1630 1062 ain«
1658 1001 1775 1080 Ego
1802 1016 1857 1064 et

132 1116 158 1143 ›>
187 1090 349 1148 Pater
384 1111 555 1149 unum
601 1091 856 1160 sumus23
903 1116 930 1144 »
971 1089 1114 1149 nihil
1143 1103 1195 1149 te
1239 1091 1568 1172 respondere
1614 1092 1858 1174 potuisse
1945 1115 1951 1121 ·

129 1179 445 1238 monstravi.
479 1178 586 1237 Sed
615 1191 676 1237 ut
697 1178 790 1237 hic
806 1199 1028 1260 quoque
1051 1177 1333 1238 ostendam
1352 1225 1368 1251 ,
1401 1179 1443 1237 si
1467 1179 1728 1260 exemplis
1746 1227 1761 1251 ‚
1790 1192 1856 1238 ut

130 1266 300 1338 dicis,
337 1267 541 1348 quibus
571 1288 668 1343 ego
695 1287 821 1325 usus
853 1287 1006 1338 sum,
1038 1266 1120 1326 vis
1147 1266 1385 1347 probare
1419 1266 1698 1349 quomodo
1730 1267 1857 1326 dic-

132 1369 249 1414 tum
276 1357 345 1414 sit
379 1379 393 1413 :
423 1383 449 1409 α
474 1357 590 1432 Ego
615 1369 668 1414 et
696 1361 850 1414 Pater
870 1377 1042 1414 unum
1073 1377 1289 1425 sumus;
1313 1369 1410 1415 »et
1436 1357 1510 1415 ob
1535 1356 1647 1415 hoc
1694 1378 1854 1416 com-

128 1466 393 1503 memoras
422 1445 780 1526 apostolicum
814 1445 1217 1516 testimonium,
1252 1445 1404 1527 quod
1434 1467 1463 1503 a
1490 1466 1576 1503 me
1609 1446 1854 1526 positum

128 1546 234 1605 cst,
266 1534 365 1591 ubi
392 1534 495 1591 ait:
516 1560 542 1586 «
562 1532 674 1605 Qui
699 1531 944 1590 adhaeret
971 1533 1231 1604 Domin0,
1251 1554 1393 1591 unus
1410 1533 1630 1614 spiritus
1651 1533 1797 1592 est³z
1822 1560 1851 1587 »

128 1620 218 1679 dic
247 1634 300 1680 et
319 1634 412 1679 tu:
437 1622 582 1679 Cum
606 1620 854 1678 adhaeret
872 1620 1026 1678 Patri
1047 1619 1216 1679 Filius
1234 1666 1248 1691 ,
1270 1641 1410 1678 unus
1428 1623 1574 1679 Deus
1597 1634 1693 1680 est.
1725 1621 1851 1679 Non

126 1710 272 1767 enim
294 1711 368 1768 ait
391 1709 687 1790 Apostolus
707 1731 762 1767 z«
777 1708 891 1780 Qui
912 1708 1159 1767 adhaeret
1182 1708 1446 1779 Domino,
1465 1729 1639 1767 unum
1652 1722 1802 1778 sunt;
1820 1735 1848 1763 »

127 1799 269 1856 sicut
291 1798 502 1857 dietum
538 1811 618 1857 est
644 1819 658 1855 ε
687 1823 714 1851 «
738 1798 853 1874 Ego
881 1810 935 1856 et
957 1798 1120 1856 Pater
1135 1818 1305 1855 unum
1325 1817 1540 1855 sumus:
1559 1796 1694 1856 »sed
1724 1798 1799 1856 ait
1830 1819 1845 1844 ⁹

127 1913 152 1938 (ι
189 1886 342 1948 Unus
375 1886 599 1967 spiritus
643 1898 737 1946 est.
779 1913 805 1939 ›>
852 1885 998 1943 Cum
1035 1898 1215 1964 autem
1240 1899 1302 1943 tu
1326 1906 1440 1943 non
1468 1884 1617 1944 dicas
1656 1906 1672 1944 ε
1707 1885 1852 1944 Cum

127 1973 373 2033 adhaeret
395 1975 545 2032 Patri
575 1973 743 2032 Filius
764 2021 778 2045 ,
808 1995 951 2032 unus
972 1974 1119 2031 Deus
1149 1984 1260 2042 est;
1285 1986 1349 2031 ut
1371 1972 1508 2053 quid
1531 1985 1584 2031 et
1608 1985 1670 2031 tu
1693 1973 1850 2043 adhi-

123 2062 219 2120 bes
246 2063 356 2121 hoc
387 2061 634 2144 Apostoli
662 2062 1030 2121 testimonium
1049 2108 1064 2134 ‚
1098 2061 1199 2120 ubi
1238 2063 1316 2120 ait
1351 2083 1366 2119 ι
1399 2088 1426 2115 ε(
1457 2061 1571 2134 Qui
1601 2061 1851 2123 adhaeret

125 2178 143 2201 ι
167 2150 424 2223 Domin0‚
442 2172 581 2211 unus
599 2151 823 2231 spiritus
843 2164 922 2209 est
940 2176 955 2219 ;
972 2177 998 2202 >›
1012 2150 1115 2208 nisi
1130 2149 1440 2208 utteetiam
1463 2172 1494 2208 a
1511 2164 1561 2208 te
1571 2150 1847 2230 producto

126 2253 254 2298 teste
283 2242 648 2299 convincam?
693 2241 856 2298 Nunc
884 2238 1070 2297 saltem
1097 2237 1369 2315 distingue
1397 2237 1509 2297 duo
1533 2238 1635 2298 ista
1653 2287 1669 2313 ,
1718 2262 1846 2321 quae

124 2350 234 2386 non
262 2329 488 2410 potuisti
514 2375 527 2399 ‚
562 2349 691 2387 cum
723 2328 887 2386 simul
903 2348 1134 2386 essemus
1152 2373 1167 2398 ‚
1203 2327 1259 2385 in
1275 2340 1457 2386 nostra
1478 2325 1849 2410 disputatione

124 2417 471 2493 distinguere.
503 2416 996 2496 Diligenteritaque
1019 2414 1236 2474 attende
1252 2414 1405 2497 quod
1427 2413 1573 2476 dico,
1605 2417 1846 2490 Quando
1872 2416 1875 2422 ’

126 2506 192 2564 (16
218 2507 381 2564 rebus
409 2505 627 2563 duabus
650 2518 742 2563 aut
769 2504 1025 2584 pluribus
1052 2504 1285 2575 dicitur,
1318 2524 1458 2562 unus
1493 2518 1574 2563 est
1599 2505 1686 2565 vel
1736 2527 1847 2569 una

126 2607 235 2666 est,
269 2609 322 2653 et
352 2594 574 2653 additur
602 2592 737 2673 quid
767 2614 908 2651 unus
935 2592 1022 2651 vel
1059 2592 1194 2672 quid
1234 2613 1343 2650 una
1362 2639 1377 2664 ,
1415 2605 1469 2650 et
1498 2591 1567 2650 de
1605 2593 1693 2652 his
1721 2616 1848 2675 quae

126 2683 352 2741 diversae
370 2729 384 2754 ,
410 2696 463 2740 et
490 2681 558 2740 de
580 2681 668 2739 his
688 2702 814 2762 quae
836 2695 961 2740 sunt
982 2682 1144 2740 unius
1164 2679 1484 2739 substantiae
1501 2679 1612 2739 dici
1640 2695 1837 2762 potest.

127 2772 366 2830 Diversae
386 2784 512 2828 sunt
532 2770 675 2828 enim
699 2771 1019 2828 substantiae
1035 2770 1260 2850 spiritus
1278 2768 1520 2827 hominis
1536 2782 1589 2826 et
1607 2770 1845 2851 Spiritus

125 2861 348 2919 Domini
376 2882 389 2917 :
423 2873 475 2917 et
514 2873 693 2918 tamen
717 2859 929 2918 dictum
954 2873 1032 2917 est
1059 2881 1073 2916 ε
1101 2886 1126 2912 c<
1151 2859 1262 2931 Qui
1291 2858 1537 2917 adhaeret
1569 2859 1806 2920 Domino
1824 2908 1840 2933 ‚

123 2976 150 3003 >2
175 2970 315 3024 unus
337 2947 559 3028 spiritus
579 2961 674 3007 est.
705 2974 731 3000 n
754 2949 930 3006 Unius
950 2961 1130 3019 autem
1153 2946 1473 3005 substantiae
1497 2961 1625 3005 sunt
1646 2949 1844 3009 animae

121 3038 411 3097 hominum
450 3048 502 3093 et
538 3034 705 3093 corda
736 3036 1054 3110 hominum;
1101 3035 1168 3093 de
1204 3034 1409 3116 quibus
1454 3032 1667 3094 dictum
1710 3051 1788 3095 est
1822 3061 1837 3096 ε

124 3152 148 3180 «
180 3127 314 3183 Erat
338 3124 444 3183 illis
468 3122 643 3181 anima
666 3144 774 3182 una
801 3137 854 3182 et
875 3145 971 3182 cor
1001 3122 1228 3183 unum4.
1252 3150 1278 3176 »
1297 3122 1407 3180 Ubi
1431 3135 1610 3181 autem
1629 3123 1836 3184 dicitur

184 3218 195 3246 ¹
222 3221 325 3258 Gen.
348 3229 453 3269 un,
485 3228 551 3257 12.
579 3236 630 3245 -·-
650 3211 670 3240 ⁴²
690 3216 809 3256 Joau.
835 3228 874 3263 x,
895 3216 959 3257 30.
983 3236 1039 3246 —-
1060 3213 1078 3244 3
1104 3229 1117 3255 1
1140 3218 1233 3255 Cor.
1260 3228 1315 3261 vr,
1347 3228 1411 3263 ¹7-
1434 3209 1524 3246 -4
1547 3219 1635 3256 Act.
1666 3229 1716 3263 iv,
1743 3218 1812 3257 32.
