2144 3808
293 340 402 411 142
818 357 863 398 s.
914 354 1229 399 Ληουεῖ-παι
1268 352 1527 399 El‘lsc'ol’l

285 472 313 500 »
333 436 430 528 qui
451 442 712 528 credituri
733 441 860 502 sunt
884 440 983 525 pei·
1005 441 1236 502 Verbum
1257 443 1582 524 i'psorum'in
1604 467 1690 504 me
1706 492 1721 518 ‚
1747 452 1809 504 ut
1831 448 2030 512 omues,

287 551 314 589 5>
339 545 505 594 unum
529 536 679 602 sint,
713 534 853 592 sieut
888 542 944 590 tu
981 534 1141 591 Pater
1167 532 1224 591 in
1268 544 1380 603 me,
1424 547 1478 592 et
1511 545 1608 611 ego
1638 535 1693 593 in
1733 549 1821 605 te,
1866 549 1926 594 ut
1963 542 2020 596 et

285 625 439 707 »ipsi
473 625 524 682 in
561 623 717 681 nobis
752 643 918 679 unum
945 621 1105 681 sint¹.
1144 649 1169 674 »
1205 622 1390 702 Neque
1412 622 1507 682 hic
1537 624 1671 682 dixit
1699 647 1712 682 z
1741 626 1812 683 Ut
1840 625 1943 707 ipsi
1965 633 2019 685 et

284 735 383 771 nos
417 735 583 770 unum
608 712 810 779 simu53
840 709 929 768 sed
958 732 972 767 ι
1002 738 1024 760 «
1056 711 1233 769 snum
1266 711 1372 768 siut
1402 710 1454 768 in
1487 712 1662 771 nohis.
1695 715 2014 784 »Quoniam

282 790 533 859 homines
557 801 650 882 qui
693 813 888 858 nutura
922 810 1090 857 unum
1122 812 1282 869 sunt,
1330 822 1539 858 summe
1576 814 1738 882 atque
1782 801 2018 882 perfecte

279 889 579 948 seeundum
614 910 769 947 suum
798 887 1022 945 modum
1056 909 1225 945 uuum
1255 909 1364 945 esse
1398 910 1506 946 non
1536 903 1765 969 possunt
1787 890 2018 966 justitiae

278 978 656 1061 plenitudine,
701 977 799 1036 nisi
842 977 900 1035 in
944 978 1059 1035 Deo
1091 977 1483 1058 perficiantur,
1521 991 1580 1036 ut
1613 1000 1783 1037 unum
1815 979 1924 1037 sint
1962 979 2020 1037 in

280 1070 441 1127 Patre
483 1078 537 1126 et
578 1067 752 1136 Fili03
802 1065 857 1125 id
897 1079 1012 1139 est,
1058 1067 1115 1125 in
1156 1067 1286 1148 ipsis
1333 1089 1538 1139 unum,
1580 1090 1686 1126 non
1730 1090 1853 1126 cum
1887 1066 2018 1149 ipsis

281 1178 472 1215 unum.
506 1155 707 1216 Adhuc
729 1155 972 1238 sequitur
993 1203 1007 1225 ‚
1035 1169 1086 1213 et
1110 1154 1359 1232 adjungit
1384 1179 1398 1215 ι
1422 1184 1447 1209 «
1477 1156 1549 1214 Ut
1574 1155 1808 1214 mundus
1830 1156 2018 1214 eredat

278 1271 305 1298 >2
328 1246 452 1326 quia
480 1258 537 1304 tu
567 1266 649 1302 me
672 1243 888 1312 misisti,
916 1257 967 1302 et
987 1266 1084 1320 ego
1113 1243 1413 1302 claritatem
1437 1265 1603 1326 quam
1633 1244 1767 1302 mihi
1790 1244 2011 1315 dedisti,

277 1361 304 1386 υ
329 1333 454 1391 dedi
486 1333 624 1401 illis,
657 1346 718 1390 ut
748 1333 854 1389 sint
889 1353 1099 1398 unum,
1145 1332 1285 1390 sieut
1319 1354 1416 1390 nos
1452 1354 1620 1390 unum
1653 1354 1839 1390 sumus
1869 1355 1882 1390 :
1917 1354 2015 1410 ego

279 1422 382 1479 »in
413 1422 520 1489 eiS,
555 1434 607 1478 et
645 1433 701 1478 tu
737 1421 792 1478 in
824 1442 908 1478 me
931 1468 945 1490 ‚
983 1434 1042 1478 ut
1079 1420 1187 1478 sint
1223 1421 1587 1479 consummati
1627 1420 1682 1478 iu
1733 1421 1958 1481 unum-2.
1987 1449 2014 1475 »

275 1510 465 1591 Neque
490 1510 581 1568 hic
601 1508 770 1580 dixit,
799 1523 861 1568 ut
883 1510 1171 1579 nobiscum
1206 1510 1312 1568 sint
1342 1532 1507 1583 unum
1530 1557 1545 1582 ‚
1577 1521 1803 1587 *authut
1827 1511 1930 1591 ipsi
1961 1524 2015 1570 et

274 1621 373 1658 nos
395 1601 563 1657 simus
586 1621 776 1658 unum.
807 1600 1016 1657 Deinde
1033 1621 1157 1657 eum
1181 1599 1479 1657 addidisset
1510 1621 1524 1656 ε
1559 1626 1585 1652 «
1620 1600 1690 1657 [t
1719 1605 2013 1675 cognoscat

278 1716 305 1741 »
330 1687 570 1746 mundus
600 1688 728 1769 quia
763 1701 817 1745 tu
843 1709 927 1745 me
958 1687 1149 1745 misisti
1172 1735 1186 1754 ,
1219 1708 1270 1746 et
1300 1687 1529 1746 dilexisti
1563 1709 1651 1745 eos
1679 1687 1821 1745 sieut
1845 1701 1898 1745 et
1927 1709 2012 1747 me

275 1804 301 1832 »
324 1776 586 1843 dilexisti3
617 1804 642 1830 »
678 1783 894 1835 secutus
925 1775 1175 1853 adjunxit
1201 1798 1215 1833 ι
1250 1804 1273 1828 «
1305 1772 1498 1846 Pater,
1542 1776 1666 1834 volo
1697 1789 1755 1833 ut
1782 1776 1878 1834 ubi
1911 1798 2009 1854 ego

275 1886 474 1933 ›>sum‚
510 1877 564 1923 et
601 1864 706 1945 ipsi
736 1865 845 1922 sint
883 1887 1118 1924 meeum.
1153 1894 1176 1916 »
1215 1865 1322 1922 Ubi
1352 1886 1504 1934 sum,
1540 1864 1755 1944 inquit,
1794 1885 2010 1926 mecum

276 1953 401 2013 sint.
444 1953 570 2010 Non
604 1953 715 2024 ait,
754 1974 924 2010 unum
974 1974 1186 2010 meeum
1224 1952 1348 2012 sint.
1397 1953 1520 2010 Hoc
1549 1974 1674 2028 ergo
1705 1951 1903 2019 voluit,
1949 1965 2010 2011 ut

272 2062 397 2099 eum
431 2040 525 2099 illo
552 2054 758 2108 essent,
780 2062 890 2099 non
925 2055 986 2098 ut
1013 2040 1090 2098 illi
1123 2054 1174 2098 et
1200 2041 1314 2120 ipse
1339 2062 1509 2099 unum
1532 2053 1722 2100 essent.
1753 2040 1900 2112 Quid
1930 2054 2008 2100 est

272 2129 421 2210 quod
450 2129 630 2188 dicere
663 2129 878 2187 voluisti
910 2153 923 2187 :
963 2158 985 2180 «
1018 2128 1338 2188 Dilectionis
1369 2129 1493 2187 fecit
1538 2129 1864 2186 mentionem
1891 2176 1905 2200 ‚
1953 2143 2007 2190 et

269 2238 380 2275 non
420 2218 774 2276 substantiae‘?
802 2248 825 2271 »
869 2216 1135 2290 Quamvis
1167 2231 1223 2276 tu
1257 2227 1366 2275 non
1400 2240 1462 2276 00
1496 2218 1619 2276 1000
1652 2220 1747 2274 ista
1784 2217 2005 2276 Domini

268 2307 435 2363 verba
454 2307 700 2386 posueris
718 2353 731 2374 ‚
760 2328 869 2386 quo
889 2306 958 2364 ab
977 2307 1096 2386 ipso
1121 2319 1247 2363 sunt
1271 2307 1465 2387 posita.
1499 2306 1602 2364 Sed
1628 2305 1758 2386 quid
1784 2305 1848 2363 ad
1874 2311 2001 2365 nos?

267 2394 718 2475 quandoquidem
744 2416 851 2452 non
890 2394 1036 2475 ipsos
1061 2407 1113 2451 et
1137 2417 1189 2453 se
1213 2442 1227 2464 ,
1262 2395 1345 2452 vel
1372 2395 1518 2475 ipsos
1544 2409 1597 2452 et
1629 2397 1844 2452 Patrem
1869 2394 2004 2453 dixit

268 2497 360 2540 aut
387 2482 558 2540 voluit
592 2504 759 2540 unum
793 2505 942 2551 055ος
975 2482 1065 2540 sed
1099 2484 1244 2563 ipsos
1268 2505 1437 2542 unum
1478 2505 1586 2540 0550
1618 2482 1819 2551 voluit,
1863 2504 2001 2564 quos

266 2583 491 2628 noverat
529 2571 687 2628 unius
724 2593 833 2629 0550
873 2571 1214 2631 substantiae.
1270 2599 1294 2624 «
1332 2573 1485 2630 Sicut
1523 2584 1575 2628 ct
1619 2592 1743 2641 nos,
1785 2571 1994 2651 inquit,

265 2685 291 2711 >2
315 2679 485 2716 unum
518 2680 704 2718 sumus
730 2681 744 2717 ε
774 2687 800 2713 »
829 2682 967 2742 quos
994 2658 1291 2717 identidem
1315 2671 1539 2719 noverat
1562 2658 1721 2717 unius
1747 2681 1855 2717 esse
1875 2659 2000 2718 sub·

267 2759 500 2806 stantiae.
548 2799 563 2810 .

349 2846 405 2894 2⁰
448 2837 535 2893 'l'u
578 2835 623 2894 si
660 2836 742 2895 vis
781 2835 990 2917 aliquid
1030 2835 1393 2917 respondere,
1435 2835 1655 2895 ostende
1692 2835 1994 2895 secundum

264 2925 606 3006 Scripturam
629 2938 871 2982 sanctam
899 2924 966 2982 de
992 2923 1271 3005 aliquibus
1296 2926 1458 2983 rebus
1482 2925 1591 2984 diei
1608 2971 1620 2991 ‚
1650 2947 1817 2984 unum
1840 2938 1987 2997 sunt,

259 3034 494 3095 quarum
527 3024 604 3069 est
635 3011 844 3070 diversa
883 3013 1204 3072 substantia.
1244 3013 1365 3071 Iloe
1405 3014 1547 3071 enim
1597 3014 1851 3072 Christus
1882 3035 1990 3072 non

260 3092 431 3170 disitss
461 3099 608 3180 quod
643 3113 820 3157 tannen
857 3108 912 3158 tu
946 3122 1103 3159 ausus
1133 3123 1187 3158 es
1215 3100 1395 3160 dicere
1417 3149 1431 3173 ‚
1466 3102 1519 3160 id
1552 3116 1630 3160 est
1659 3125 1671 3158 ε
1700 3130 1722 3151 «
1751 3105 1989 3182 Aposto-

260 3188 340 3252 los
373 3209 542 3248 unuin
563 3195 671 3249 esse
688 3210 818 3249 cum
848 3189 1010 3248 Patre
1036 3203 1088 3249 et
1118 3190 1254 3250 Filio
1270 3238 1286 3265 ,
1309 3192 1368 3252 in
1392 3212 1454 3252 00
1478 3190 1630 3275 quod
1649 3191 1708 3252 in
1727 3191 1988 3257 omnibus
2014 3194 2017 3198 ’

316 3294 333 3325 ¹
353 3297 472 3336 Joan.
496 3308 600 3347 xvix,
623 3309 693 3351 πο,
710 3295 787 3340 ax.
802 3316 861 3326 -
881 3292 1030 3340 21bid.
1056 3297 1210 3341 κισ-23.
