2144 3808
352 331 571 370 CONTRA
614 330 947 376 MAXIMINUM
994 328 1273 380 ARIANUM,
1322 334 1548 373 Ι,1Β.11.
1717 334 1818 372 121

107 388 347 470 hominis
371 412 550 469 minor
573 423 761 491 patre;
793 423 846 467 et
868 411 997 490 quia
1020 410 1370 511 imperfectus
1397 413 1667 484 nascitur,
1694 435 1834 472 cres-

109 489 282 558 (dendo
315 501 385 558 ad
421 490 651 558 formam
682 501 928 598 pervenit
966 499 1180 580 patris:
1220 514 1379 558 natus
1408 513 1487 558 est
1526 501 1691 559 Filius
1725 503 1829 561 Dei

108 589 287 646 minor
317 590 510 656 Patre;
538 601 590 645 et
611 588 740 669 quia
777 587 1048 667 perfectus
1072 601 1231 668 atque
1267 588 1645 648 immortaliter
1670 601 1829 648 natus

108 689 214 746 est,
248 676 463 735 nullum
486 676 687 756 accipit
713 677 1108 735 incrementum
1124 723 1138 748 ,
1166 677 1257 735 sed
1285 699 1407 735 eum
1428 677 1545 757 ipsa
1563 663 1826 757 perfectio

110 783 140 818 a
164 762 340 822 forma
377 764 553 822 Patris
595 765 653 822 in
690 777 952 822 aeternum
999 764 1165 823 efficit
1212 764 1468 823 alienum.
1526 765 1668 823 Ecce
1703 784 1829 845 quae

109 850 325 908 creditis
350 898 363 918 ‚
405 872 529 908 ecce
574 861 700 930 quae
733 850 948 919 dicitis;
993 872 1117 909 ecce
1148 866 1272 910 sunt
1295 899 1308 925 ‚
1343 849 1494 932 quod
1532 857 1689 932 pejus
1711 865 1790 910 est
1810 898 1826 923 ,

109 958 234 1017 quae
263 937 469 996 docetis
500 960 513 994 ι
551 963 576 990 α
604 937 708 995 Sed
730 938 788 996 in
820 938 1134 1014 auditorum
1158 985 1173 1011 ,
1204 939 1387 1020 inquis
1408 986 1423 1011 ,
1456 953 1534 997 est
1562 939 1789 998 arbitrio
1810 985 1825 1010 ,

108 1038 171 1082 ut
196 1024 397 1100 eligant
434 1024 664 1083 alterum
694 1025 762 1083 de
793 1026 1010 1084 duobus
1029 1074 1044 1099 ,
1083 1040 1175 1084 aut
1208 1026 1552 1085 obedientem
1577 1024 1730 1085 Patri
1762 1029 1835 1086 fi-

22 1138 24 1140 ·
107 1113 242 1171 lium
262 1159 277 1183 ,
307 1139 334 1187 5<
365 1113 480 1184 Qui
504 1135 557 1171 se
585 1114 878 1174 exinanivit
903 1114 1136 1173 formam
1167 1115 1306 1175 servi
1331 1115 1631 1196 accipienS,
1668 1115 1759 1174 cui
1785 1127 1840 1172 et

108 1227 135 1254 ))
157 1201 319 1257 Pater
347 1199 573 1260 donavit
600 1222 798 1259 nomen
826 1202 976 1283 quod
1005 1216 1083 1260 est
1114 1225 1279 1284 super
1312 1225 1471 1261 omne
1502 1201 1737 1261 nomen1
1767 1224 1782 1259 ε
1811 1228 1839 1255 >>

110 1302 206 1348 aut
236 1289 742 1369 interpretationem
772 1304 936 1351 tuam.
967 1317 993 1344 »
1024 1293 1256 1350 Prorsus
1272 1292 1560 1375 §auditores
1583 1339 1596 1362 ,
1634 1290 1840 1372 quibus

109 1376 279 1434 donat
304 1379 571 1435 Dominus
607 1378 942 1437 intellectum
963 1426 978 1451 ,
1016 1402 1126 1438 non
1166 1401 1337 1438 unum
1367 1381 1435 1438 de
1469 1380 1686 1438 duobus
1722 1378 1839 1436 istis

109 1465 350 1541 eligunt,
383 1466 475 1523 sed
504 1479 826 1548 utrumque,
859 1467 918 1526 id
941 1481 1048 1540 est,
1088 1482 1139 1526 et
1179 1468 1524 1526 obedientem
1559 1467 1711 1524 Patri
1741 1466 1838 1523 Fi-

109 1554 269 1625 lium,
293 1567 346 1611 et
361 1554 885 1634 interpretationem,
912 1556 998 1615 vel
1021 1557 1205 1636 potius
1224 1557 1612 1637 expositionem
1631 1575 1833 1623 meam,

108 1662 219 1722 qua
249 1641 463 1699 ostendi
491 1643 566 1700 sic
595 1643 953 1702 obedientem,
970 1643 1134 1702 fuisse
1157 1645 1216 1702 in
1242 1644 1417 1702 forma
1441 1645 1612 1714 servi,
1640 1655 1702 1700 ut
1723 1641 1842 1700 for-

108 1750 256 1787 mam
285 1751 396 1787 non
427 1731 696 1789 amitteret
734 1733 866 1802 Dei,
908 1731 967 1789 in
1011 1752 1119 1811 qua
1154 1733 1382 1813 aequalis
1421 1745 1500 1790 est
1540 1730 1722 1788 Patri
1751 1730 1840 1787 'lu

109 1839 237 1878 vero
266 1819 390 1878 vide
414 1839 582 1919 quam
607 1819 997 1878 contumeliose
1031 1821 1166 1878 Filio
1203 1821 1306 1878 Dei
1334 1820 1546 1878 tribuas
1566 1817 1838 1926 obedien-

110 1909 279 1977 tiam,
313 1912 469 1984 cujus
492 1909 691 1967 minuis
715 1909 772 1967 in
800 1910 1088 1969 divinitate
1117 1924 1387 1969 naturam.

190 1997 341 2056 XVI.
388 2008 436 2055 1⁰
467 1997 703 2068 Quando
733 2013 913 2056 autem
944 2020 973 2070 a
1005 2019 1091 2055 me
1125 1998 1364 2056 audisti.
1407 2024 1433 2051 <c
1459 1997 1696 2077 Propter
1727 1995 1837 2052 Ju-

111 2085 258 2143 daeos
292 2084 618 2143 humilitatis
641 2132 656 2152 ,
697 2107 809 2143 non
847 2086 1085 2145 veritatis
1119 2086 1290 2161 gratia
1315 2133 1329 2157 ,
1375 2084 1565 2142 dixisse
1602 2083 1831 2153 Filium,

109 2172 261 2254 quod
290 2174 431 2230 Deus
458 2177 572 2248 ejus
595 2172 663 2230 sit
692 2177 852 2254 Pater
881 2177 1031 2249 ejus?
1056 2200 1082 2225 »
1121 2174 1242 2230 Hoc
1273 2195 1302 2230 a
1330 2194 1416 2229 me
1445 2173 1522 2229 ita
1551 2174 1836 2250 nunquam

114 2260 300 2319 audire
334 2254 599 2341 potuisti,
646 2261 787 2320 sicut
829 2282 1115 2342 nunquam
1157 2261 1308 2319 dixi:
1353 2260 1446 2318 sed
1488 2259 1650 2340 plane
1691 2257 1832 2329 dixi,

48 2386 51 2389 -
111 2361 340 2430 propter
353 2349 583 2406 formam
602 2350 738 2407 servi
754 2348 965 2406 dictum
989 2370 1116 2406 esse.
1145 2348 1300 2407 Sicut
1321 2361 1502 2413 autem
1519 2348 1639 2427 ipsa
1659 2345 1835 2404 forma

111 2439 250 2517 servi
285 2459 442 2510 vera,
485 2459 597 2495 non
638 2438 773 2496 falsa
815 2451 921 2509 est,
958 2439 1033 2510 ita
1078 2440 1297 2496 Patrem
1341 2459 1499 2496 suum
1531 2458 1639 2495 esse
1673 2435 1835 2514 etiam

112 2540 341 2608 propter
358 2526 508 2584 illam
537 2529 712 2584 Deum
732 2548 889 2584 suum
908 2574 922 2598 ,
946 2528 1210 2585 veraciter
1233 2526 1394 2599 dixit,
1422 2548 1533 2584 non
1552 2524 1838 2584 humiliter

113 2615 282 2674 finxit.
322 2614 460 2686 Quis
489 2615 633 2672 enim
663 2628 741 2673 est
767 2615 1097 2673 humilitatis
1123 2613 1335 2672 fructus
1358 2660 1372 2685 ,
1402 2615 1502 2671 ubi
1535 2612 1837 2672 detrimen-

97 2717 232 2769 ,tum
262 2716 340 2760 est
368 2701 641 2762 veritatis?
668 2704 755 2761 Tu
779 2717 955 2760 autem
989 2704 1147 2762 istam
1176 2701 1529 2773 certissimam
1558 2701 1838 2761 veritatem

112 2791 191 2850 ita
213 2812 268 2848 es
295 2791 529 2849 refutare
558 2804 782 2850 conatus
805 2837 819 2862 ,
855 2804 917 2849 ut
940 2791 1144 2850 diceres
1172 2782 1296 2849 ideo
1325 2790 1492 2850 verba
1522 2789 1671 2869 ipsa,
1707 2788 1838 2869 qui-'

76 2886 80 2890 ’
114 2879 220 2948 bus
246 2878 321 2935 ait
354 2878 615 2936 Dominus
629 2899 651 2936 ἐ
680 2906 706 2932 <‹
730 2880 907 2937 Deum
930 2901 1111 2938 meum
1134 2892 1186 2937 et
1213 2881 1387 2937 Deum
1403 2877 1698 2946 vestrum2,
1722 2904 1748 2930 »
1766 2875 1837 2935 ad

115 2966 349 3025 formam
379 2967 516 3024 servi
539 2988 651 3024 non
686 2969 986 3047 pertinere,
1025 2969 1156 3048 quia
1193 2969 1267 3026 eis
1288 2966 1468 3028 verbis
1495 2978 1621 3047 post
1652 2985 1834 3024 resur-

117 3053 411 3115 rectionem
435 3075 561 3112 usus
579 3070 657 3114 est
679 3058 971 3130 DominUS,
990 3058 1147 3138 quasi
1165 3057 1397 3116 formam
1416 3056 1555 3115 servi
1574 3076 1841 3126 resurrec-

115 3145 262 3203 tione
284 3145 679 3224 consumpserit
695 3190 710 3216 ,
745 3167 805 3203 ac
827 3168 939 3204 non
959 3148 1141 3227 potius
1161 3147 1220 3205 in
1239 3145 1428 3206 melius
1456 3157 1833 3204 commutave-

181 3248 193 3277 ¹
215 3246 365 3303 Philip.
387 3262 429 3298 n,
457 3263 494 3299 7.
512 3270 566 3278 —
587 3246 607 3277 ²
631 3252 750 3290 Joan.
771 3262 839 3299 xx,
865 3264 933 3299 17·
