2144 3808
266 268 338 348 76
792 285 836 323 s.
888 281 1194 323 AUGUSTINI
1239 283 1497 324 EPISCOPI

258 368 463 426 lectum
482 366 601 444 lego
621 413 637 440 ,
669 380 722 426 et
744 365 907 426 credo
925 366 1076 447 quod
1093 368 1253 425 Pater
1275 380 1354 425 est
1375 367 1473 447 qui
1502 366 1708 443 diligit,
1743 380 1796 425 et
1824 366 1993 430 Filius

263 456 360 537 qui
387 455 635 533 diligitur
661 479 675 514 z
698 482 724 509 >2
747 456 1082 537 respondens
1111 456 1221 514 dixi
1255 479 1269 513 ε
1308 483 1333 509 (ε
1362 456 1451 514 Sic
1486 469 1665 514 autem
1694 456 1830 515 dicis
1861 454 1995 514 hinc

262 545 404 603 inter
437 548 651 603 Patrem
675 557 728 602 et
757 544 958 603 Filium
988 566 1097 602 esse
1118 544 1520 616 diversitatem,
1555 546 1684 626 quia
1711 551 1871 603 Pater
1902 543 1997 608 di-,

260 632 411 710 ligit,
459 647 511 691 et
560 633 729 690 Filius
772 632 1039 708 diligitur,
1074 633 1230 713 quasi
1265 654 1458 708 negare
1501 634 1704 712 possiS,
1748 634 1900 715 quod
1945 646 1998 692 et

265 721 435 779 Filius
458 721 650 796 diligat
673 725 908 779 Patrem.
936 721 1146 778 Deinde
1171 720 1394 792 addidi,
1423 720 1481 778 Si
1504 722 1667 779 ambo
1686 744 1739 780 se
1759 723 2000 780 invicem

266 808 537 885 diligunt,
571 830 669 866 cur
692 809 898 884 negatis
922 800 1011 866 eos
1035 809 1199 866 unius
1225 830 1333 866 csse
1358 814 1615 867 naturaeP
1642 837 1668 863 »
1701 809 1867 882 Quod
1896 810 2001 868 uti-

264 919 373 978 que
392 897 515 955 ideo
540 897 672 968 dixi,
695 919 762 955 ne
779 898 913 956 hinc
936 919 1102 955 unam
1122 911 1376 979 naturam
1399 900 1661 974 negaretis
1684 900 1996 970 amborum,

266 986 395 1066 quia
425 986 582 1044 illum
612 986 836 1062 diligere
859 1034 873 1058 ,
918 987 1072 1045 hunc
1102 986 1255 1063 diligi
1282 987 1398 1067 ipse
1430 987 1628 1047 dixisti.
1670 988 1755 1046 Ad
1791 989 1900 1046 hoc
1940 1001 2003 1046 tu

264 1073 598 1154 respondens
640 1075 956 1133 consensisti
992 1075 1217 1156 quidem
1236 1122 1249 1147 ,
1301 1075 1452 1155 quod
1497 1089 1549 1134 et
1593 1075 1759 1134 Filius
1807 1075 2005 1152 diligat

267 1165 482 1220 Patrem
502 1209 516 1233 ,
549 1162 643 1220 sed
673 1163 834 1220 unius
859 1185 968 1221 esse
996 1176 1210 1221 naturae
1240 1165 1542 1222 consentire
1575 1163 1799 1222 noluisti
1826 1185 1840 1220 ι
1874 1176 2004 1221 tan-

270 1271 435 1330 quam
463 1250 664 1309 Filius
649 1265 725 1309 1ta
743 1251 936 1328 diligat
965 1258 1212 1326 Patrem,
1246 1253 1388 1310 sicut
1407 1266 1654 1311 creatura
1678 1266 2000 1323 creatorem,

267 1359 382 1396 non
410 1339 552 1397 sicut
581 1340 893 1416 unigenitus
921 1301 1249 1416 genitoreni,
1292 1363 1455 1423 quem
1504 1342 1812 1401 diversitate
1866 1340 2006 1398 sub-

267 1428 485 1485 stantiae
518 1385 710 1487 νιιίῖίεὸ
705 1450 814 1486 6556
844 1429 1181 1505 degenerem.

352 1515 472 1576 XV.
528 1516 740 1588 Quinto
780 1517 995 1576 deeimo
1026 1519 1146 1577 loco
1172 1518 1282 1577 dixi
1304 1521 1511 1600 pariter
1539 1541 1647 1578 esse
1674 1517 2007 1579 invisibilem

271 1603 627 1675 Trinitatem,
668 1628 781 1663 non
818 1606 992 1665 solum
1037 1613 1251 1665 Patrem
1294 1631 1306 1665 :
1343 1609 1435 1667 sed
1468 1609 1783 1689 apparuisse
1821 1622 2006 1665 tamen

271 1692 543 1751 visibilem
585 1694 786 1752 Filium
813 1695 872 1752 in
905 1695 1082 1753 forma
1125 1697 1300 1769 servi,
1346 1711 1574 1777 propter
1605 1718 1772 1776 quam
1814 1695 1950 1752 dixit
1985 1716 1999 1751 ε

271 1806 298 1834 c<
318 1780 482 1838 Pater
508 1786 684 1858 major
713 1804 798 1841 me
828 1782 955 1843 est4.
986 1811 1011 1837 ›>
1042 1784 1147 1842 Sed
1173 1785 1434 1864 quoniam
1461 1785 1724 1843 Patribus
1755 1805 1807 1841 se
1843 1782 2004 1842 Divi—

269 1869 409 1927 nitas
438 1869 871 1944 demonstrabat,
894 1872 1004 1930 dixi
1023 1895 1123 1954 per
1153 1874 1461 1950 subjectam
1486 1884 1793 1931 creaturam
1814 1871 1873 1929 id
1897 1891 2008 1929 esse

270 1957 511 2039 sactum,
543 1981 653 2018 non
676 1982 778 2041 per
805 1974 1059 2020 naturam
1090 1985 1243 2021 suam
1263 2010 1278 2035 ,
1312 1985 1422 2043 qua
1458 1975 1537 2020 est
1566 1960 1855 2021 invisibilis
1888 1960 2009 2017 Tri-

274 2047 435 2106 nitas,
468 2055 648 2128 Atque
670 2063 730 2108 ut
748 2050 858 2108 hoc
882 2052 1180 2131 probarem
1199 2098 1212 2117 ‚
1248 2053 1476 2132 Moysen
1505 2048 1934 2108 commemoravi
1961 2048 2010 2105 ei

275 2134 577 2209 dicentem,
610 2159 737 2196 cum
761 2161 873 2220 quo
901 2140 1038 2199 facie
1066 2140 1135 2198 ad
1157 2140 1350 2199 faciem
1382 2139 1715 2221 loquebatur
1746 2160 1760 2195 ε
1796 2164 1822 2190 α
1845 2137 1904 2195 Si
1926 2136 2010 2194 in-

275 2250 302 2277 »
326 2225 453 2283 veni
484 2226 714 2302 gratiam
745 2241 868 2286 ante
902 2241 953 2285 te
976 2275 990 2301 ,
1025 2228 1247 2286 ostende
1275 2228 1415 2286 mihi
1448 2227 1793 2307 temetipsum
1829 2224 2010 2282 mani-

274 2338 302 2366 »
321 2311 519 2371 feste2:
540 2341 565 2367 ›>
586 2328 647 2373 ut
660 2315 984 2393 intelligeres
1004 2317 1282 2397 quomodo
1298 2338 1422 2375 eum
1443 2315 1698 2386 videbat,
1722 2334 1887 2395 quem
1906 2311 2012 2370 sibi

275 2402 538 2480 cupiebat
566 2404 777 2462 ostendi
806 2427 819 2462 ε
848 2405 979 2485 quia
1002 2406 1194 2486 utique
1224 2407 1266 2464 si
1291 2408 1469 2465 Deum
1490 2406 1549 2463 in
1572 2403 1875 2473 substantia
1900 2422 2011 2483 qua

276 2489 421 2546 Deus
447 2503 525 2547 est
556 2490 801 2563 videret,
832 2492 1082 2572 profecto
1111 2508 1173 2552 ut
1198 2515 1251 2552 se
1275 2493 1355 2552 illi
1384 2493 1689 2551 ostenderet
1700 2512 1821 2553 ⁴non
1847 2510 2012 2565 roga-

274 2589 375 2636 ret.
414 2578 538 2636 Dixi
566 2579 728 2638 etiam
757 2602 867 2639 esse
898 2582 1186 2640 Christum
1214 2582 1518 2641 visibilium
1562 2594 1614 2638 et
1649 2577 2012 2637 invisibilium

276 2678 570 2726 creatorem
601 2681 661 2725 ut
687 2670 871 2749 ipsum
891 2671 1184 2769 probarem
1202 2692 1302 2750 per
1326 2669 1689 2727 substantiam
1715 2687 1870 2725 suam
1900 2686 2012 2723 non

276 2773 387 2811 esse
410 2754 722 2829 visibilem,
757 2780 786 2815 a
815 2779 926 2838 quo
955 2759 1126 2817 creari
1157 2781 1267 2816 non
1293 2758 1468 2816 solum
1493 2756 1753 2826 visibilia,
1786 2776 2012 2814 verum-

278 2841 441 2899 etiam
463 2804 758 2904 invisibilia
772 2861 1092 2926 potuerunt.
1105 2848 1191 2906 Ad
1206 2848 1329 2905 haec
1346 2861 1404 2906 tu
1418 2846 1746 2927 respondere
1761 2858 2008 2915 conatUS,

279 2949 447 3009 quam
479 2932 649 2990 multa
683 2956 851 3014 quae
837 2935 904 2993 ad
930 2957 1042 2994 rem
1059 2958 1169 2994 non
1191 2936 1466 3016 pertinent
1492 2935 1723 3006 dixeriS,
1756 2933 2012 2991 intuean-

281 3030 373 3075 tur
401 3018 496 3098 qui
523 3019 710 3095 legunt
738 3044 751 3078 ι
778 3036 830 3080 et
851 3036 1031 3082 tamen
1061 3025 1128 3082 de
1165 3026 1382 3103 Moyse,
1418 3045 1519 3083 cur
1551 3023 1657 3081 sibi
1686 3023 1861 3078 Deum
1884 3040 2012 3077 cum

280 3125 392 3186 quo
419 3105 774 3186 loquebatur,
808 3110 970 3169 vellet
998 3111 1207 3170 ostendi
1228 3158 1244 3184 ,
1271 3112 1313 3170 si
1334 3117 1450 3189 ejus
1477 3125 1730 3170 naturam
1754 3108 2013 3167 substan-

340 3208 355 3237 ¹
372 3212 594 3264 Joan.x1v‚
615 3215 683 3256 28.
706 3236 761 3245 —
783 3211 803 3241 2
819 3214 948 3260 Exod.
972 3229 1122 3266 xxxin,
1145 3219 1213 3260 13.
