<?xml version="1.0" encoding="UTF-8"?>
<!DOCTYPE html PUBLIC "-//W3C//DTD XHTML 1.0 Transitional//EN"
    "http://www.w3.org/TR/xhtml1/DTD/xhtml1-transitional.dtd">
<html xmlns="http://www.w3.org/1999/xhtml" xml:lang="en" lang="en">
 <head>
  <title>
</title>
<meta http-equiv="Content-Type" content="text/html;charset=utf-8" />
  <meta name='ocr-system' content='tesseract 3.04.00' />
  <meta name='ocr-capabilities' content='ocr_page ocr_carea ocr_par ocr_line ocrx_word'/>
</head>
<body>
  <div class='ocr_page' id='page_1' title='image "./operaomniaaccura30auguuoft_0070.png"; bbox 0 0 2144 3808; ppageno 0'>
   <div class='ocr_carea' id='block_1_1' title="bbox 339 303 1572 362">
    <p class='ocr_par' dir='ltr' id='par_1_1' title="bbox 339 303 1572 362">
     <span class='ocr_line' id='line_1_1' title="bbox 339 303 1572 362; baseline 0.001 -2"><span class='ocrx_word' id='word_1_1' title='bbox 339 303 414 361; x_wconf 83' lang='lat'>60</span> <span class='ocrx_word' id='word_1_2' title='bbox 869 324 914 362; x_wconf 90' lang='grc'>3.</span> <span class='ocrx_word' id='word_1_3' title='bbox 966 321 1271 362; x_wconf 68' lang='lat' dir='ltr'>mensum</span> <span class='ocrx_word' id='word_1_4' title='bbox 1316 323 1572 361; x_wconf 76' lang='lat' dir='ltr'>EPlscom</span> 
     </span>
    </p>
   </div>
   <div class='ocr_carea' id='block_1_2' title="bbox 271 404 2094 3235">
    <p class='ocr_par' dir='ltr' id='par_1_2' title="bbox 271 404 2082 1815">
     <span class='ocr_line' id='line_1_2' title="bbox 340 404 2063 487; baseline 0.003 -28"><span class='ocrx_word' id='word_1_5' title='bbox 340 416 428 460; x_wconf 82' lang='lat' dir='ltr'>tus</span> <span class='ocrx_word' id='word_1_6' title='bbox 458 417 536 462; x_wconf 86' lang='lat' dir='ltr'>est</span> <span class='ocrx_word' id='word_1_7' title='bbox 559 425 720 466; x_wconf 87' lang='lat' dir='ltr'>carne</span> <span class='ocrx_word' id='word_1_8' title='bbox 747 427 762 463; x_wconf 76' lang='lat' dir='ltr'>t</span> <span class='ocrx_word' id='word_1_9' title='bbox 798 419 860 464; x_wconf 93' lang='lat' dir='ltr'>ut</span> <span class='ocrx_word' id='word_1_10' title='bbox 881 427 981 487; x_wconf 86' lang='lat' dir='ltr'>per</span> <span class='ocrx_word' id='word_1_11' title='bbox 1007 406 1118 464; x_wconf 89' lang='lat' dir='ltr'>hoc</span> <span class='ocrx_word' id='word_1_12' title='bbox 1142 405 1461 486; x_wconf 82' lang='lat' dir='ltr'><strong>mysterium</strong></span> <span class='ocrx_word' id='word_1_13' title='bbox 1486 404 1814 481; x_wconf 87' lang='lat' dir='ltr'>significaret</span> <span class='ocrx_word' id='word_1_14' title='bbox 1846 426 1933 464; x_wconf 92' lang='lat' dir='ltr'>eos</span> <span class='ocrx_word' id='word_1_15' title='bbox 1965 406 2063 486; x_wconf 92' lang='lat' dir='ltr'>qui</span> 
     </span>
     <span class='ocr_line' id='line_1_3' title="bbox 341 493 2065 576; baseline 0.001 -26"><span class='ocrx_word' id='word_1_16' title='bbox 341 493 398 550; x_wconf 89' lang='lat' dir='ltr'>in</span> <span class='ocrx_word' id='word_1_17' title='bbox 437 507 612 552; x_wconf 89' lang='lat' dir='ltr'>morte</span> <span class='ocrx_word' id='word_1_18' title='bbox 653 495 825 576; x_wconf 87' lang='lat' dir='ltr'>ipsius</span> <span class='ocrx_word' id='word_1_19' title='bbox 862 494 1247 575; x_wconf 75' lang='lat' dir='ltr'><strong>baptizantur,</strong></span> <span class='ocrx_word' id='word_1_20' title='bbox 1291 493 1432 550; x_wconf 91' lang='lat' dir='ltr'>mori</span> <span class='ocrx_word' id='word_1_21' title='bbox 1476 506 1734 573; x_wconf 84' lang='lat' dir='ltr'>peccato,</span> <span class='ocrx_word' id='word_1_22' title='bbox 1777 506 1839 550; x_wconf 92' lang='lat' dir='ltr'>ut</span> <span class='ocrx_word' id='word_1_23' title='bbox 1878 494 2065 551; x_wconf 89' lang='lat' dir='ltr'>vivant</span> 
     </span>
     <span class='ocr_line' id='line_1_4' title="bbox 342 580 2065 663; baseline 0.001 -26"><span class='ocrx_word' id='word_1_24' title='bbox 342 580 478 638; x_wconf 88' lang='lat' dir='ltr'>De0.</span> <span class='ocrx_word' id='word_1_25' title='bbox 519 582 610 641; x_wconf 90' lang='lat' dir='ltr'>Sic</span> <span class='ocrx_word' id='word_1_26' title='bbox 641 583 805 641; x_wconf 90' lang='lat' dir='ltr'>etiam</span> <span class='ocrx_word' id='word_1_27' title='bbox 825 604 925 663; x_wconf 87' lang='lat' dir='ltr'>per</span> <span class='ocrx_word' id='word_1_28' title='bbox 955 603 1176 640; x_wconf 90' lang='lat' dir='ltr'>crucem</span> <span class='ocrx_word' id='word_1_29' title='bbox 1201 607 1226 632; x_wconf 74' lang='grc' dir='ltr'>α</span> <span class='ocrx_word' id='word_1_30' title='bbox 1250 582 1447 638; x_wconf 87' lang='lat' dir='ltr'>Factus</span> <span class='ocrx_word' id='word_1_31' title='bbox 1479 594 1558 638; x_wconf 87' lang='lat' dir='ltr'>est</span> <span class='ocrx_word' id='word_1_32' title='bbox 1577 603 1680 661; x_wconf 87' lang='lat' dir='ltr'>pro</span> <span class='ocrx_word' id='word_1_33' title='bbox 1710 582 1870 639; x_wconf 91' lang='lat' dir='ltr'>nobis</span> <span class='ocrx_word' id='word_1_34' title='bbox 1893 581 2065 639; x_wconf 90' lang='lat' dir='ltr'>male-</span> 
     </span>
     <span class='ocr_line' id='line_1_5' title="bbox 345 668 2067 751; baseline 0.003 -29"><span class='ocrx_word' id='word_1_35' title='bbox 345 695 373 723; x_wconf 81' lang='lat'>»</span> <span class='ocrx_word' id='word_1_36' title='bbox 397 669 661 730; x_wconf 80' lang='lat' dir='ltr'>dictum1.</span> <span class='ocrx_word' id='word_1_37' title='bbox 693 698 720 724; x_wconf 86' lang='lat'>&gt;)</span> <span class='ocrx_word' id='word_1_38' title='bbox 751 670 1002 730; x_wconf 92' lang='lat' dir='ltr'>Pendens</span> <span class='ocrx_word' id='word_1_39' title='bbox 1033 670 1243 750; x_wconf 87' lang='lat' dir='ltr'>quippe</span> <span class='ocrx_word' id='word_1_40' title='bbox 1270 669 1330 727; x_wconf 92' lang='lat' dir='ltr'>in</span> <span class='ocrx_word' id='word_1_41' title='bbox 1357 668 1505 745; x_wconf 90' lang='lat' dir='ltr'>ligno</span> <span class='ocrx_word' id='word_1_42' title='bbox 1524 716 1539 740; x_wconf 89' lang='lat'>,</span> <span class='ocrx_word' id='word_1_43' title='bbox 1580 683 1812 728; x_wconf 90' lang='lat' dir='ltr'>mortem</span> <span class='ocrx_word' id='word_1_44' title='bbox 1847 691 1971 751; x_wconf 81' lang='lat' dir='ltr'>quae</span> <span class='ocrx_word' id='word_1_45' title='bbox 2000 670 2067 728; x_wconf 91' lang='lat' dir='ltr'>de</span> 
     </span>
     <span class='ocr_line' id='line_1_6' title="bbox 271 756 2068 840; baseline 0.001 -25"><span class='ocrx_word' id='word_1_46' title='bbox 271 825 274 827; x_wconf 31' lang='lat'>,</span> <span class='ocrx_word' id='word_1_47' title='bbox 345 757 638 817; x_wconf 88' lang='lat' dir='ltr'>maledicto</span> <span class='ocrx_word' id='word_1_48' title='bbox 669 760 770 818; x_wconf 89' lang='lat' dir='ltr'>Dei</span> <span class='ocrx_word' id='word_1_49' title='bbox 789 772 1040 829; x_wconf 86' lang='lat' dir='ltr'>venerat,</span> <span class='ocrx_word' id='word_1_50' title='bbox 1071 756 1356 838; x_wconf 88' lang='lat' dir='ltr'>suspendit</span> <span class='ocrx_word' id='word_1_51' title='bbox 1382 757 1439 816; x_wconf 90' lang='lat' dir='ltr'>in</span> <span class='ocrx_word' id='word_1_52' title='bbox 1462 757 1610 833; x_wconf 89' lang='lat' dir='ltr'>ligno</span> <span class='ocrx_word' id='word_1_53' title='bbox 1630 804 1646 829; x_wconf 90' lang='lat'>,</span> <span class='ocrx_word' id='word_1_54' title='bbox 1681 771 1842 840; x_wconf 91' lang='lat' dir='ltr'>atque</span> <span class='ocrx_word' id='word_1_55' title='bbox 1869 759 1945 816; x_wconf 87' lang='lat' dir='ltr'>ita</span> <span class='ocrx_word' id='word_1_56' title='bbox 1969 780 2068 818; x_wconf 86' lang='lat' dir='ltr'>ve-</span> 
     </span>
     <span class='ocr_line' id='line_1_7' title="bbox 344 847 2068 910; baseline 0.001 -6"><span class='ocrx_word' id='word_1_57' title='bbox 344 859 433 905; x_wconf 89' lang='lat' dir='ltr'>tus</span> <span class='ocrx_word' id='word_1_58' title='bbox 460 847 629 907; x_wconf 87' lang='lat' dir='ltr'>homo</span> <span class='ocrx_word' id='word_1_59' title='bbox 651 862 833 907; x_wconf 90' lang='lat' dir='ltr'>noster</span> <span class='ocrx_word' id='word_1_60' title='bbox 855 848 1019 906; x_wconf 90' lang='lat' dir='ltr'>simul</span> <span class='ocrx_word' id='word_1_61' title='bbox 1041 849 1284 906; x_wconf 83' lang='lat' dir='ltr'>confixus</span> <span class='ocrx_word' id='word_1_62' title='bbox 1303 861 1382 905; x_wconf 90' lang='lat' dir='ltr'>est</span> <span class='ocrx_word' id='word_1_63' title='bbox 1404 847 1558 906; x_wconf 89' lang='lat' dir='ltr'>cruci</span> <span class='ocrx_word' id='word_1_64' title='bbox 1584 869 1598 905; x_wconf 74' lang='grc' dir='ltr'><strong>ι</strong></span> <span class='ocrx_word' id='word_1_65' title='bbox 1625 860 1687 906; x_wconf 89' lang='lat' dir='ltr'>ut</span> <span class='ocrx_word' id='word_1_66' title='bbox 1703 870 1818 910; x_wconf 79' lang='lat' dir='ltr'>non</span> <span class='ocrx_word' id='word_1_67' title='bbox 1837 847 2068 906; x_wconf 86' lang='lat' dir='ltr'>menda-</span> 
     </span>
     <span class='ocr_line' id='line_1_8' title="bbox 346 935 2074 1013; baseline 0.001 -21"><span class='ocrx_word' id='word_1_68' title='bbox 346 935 483 993; x_wconf 87' lang='lat' dir='ltr'>citer</span> <span class='ocrx_word' id='word_1_69' title='bbox 521 936 735 995; x_wconf 90' lang='lat' dir='ltr'>dictum</span> <span class='ocrx_word' id='word_1_70' title='bbox 768 937 1104 1013; x_wconf 83' lang='lat' dir='ltr'>intelligatur</span> <span class='ocrx_word' id='word_1_71' title='bbox 1145 937 1205 994; x_wconf 91' lang='lat' dir='ltr'>in</span> <span class='ocrx_word' id='word_1_72' title='bbox 1234 938 1376 1012; x_wconf 85' lang='lat' dir='ltr'><strong>Lege</strong></span> <span class='ocrx_word' id='word_1_73' title='bbox 1405 957 1420 993; x_wconf 77' lang='lat' dir='ltr'>t</span> <span class='ocrx_word' id='word_1_74' title='bbox 1464 935 1857 994; x_wconf 85' lang='lat' dir='ltr'>«Maledictus</span> <span class='ocrx_word' id='word_1_75' title='bbox 1897 935 2074 994; x_wconf 92' lang='lat' dir='ltr'>omnis</span> 
     </span>
     <span class='ocr_line' id='line_1_9' title="bbox 346 1024 2069 1106; baseline -0.001 -23"><span class='ocrx_word' id='word_1_76' title='bbox 346 1050 375 1077; x_wconf 71' lang='lat'>&gt;2</span> <span class='ocrx_word' id='word_1_77' title='bbox 397 1025 497 1104; x_wconf 89' lang='lat' dir='ltr'>qui</span> <span class='ocrx_word' id='word_1_78' title='bbox 517 1025 720 1106; x_wconf 88' lang='lat' dir='ltr'>pendet</span> <span class='ocrx_word' id='word_1_79' title='bbox 742 1026 801 1085; x_wconf 93' lang='lat' dir='ltr'>in</span> <span class='ocrx_word' id='word_1_80' title='bbox 820 1026 1022 1104; x_wconf 84' lang='lat' dir='ltr'>ligno2.</span> <span class='ocrx_word' id='word_1_81' title='bbox 1057 1052 1083 1079; x_wconf 80' lang='lat'>›&gt;</span> <span class='ocrx_word' id='word_1_82' title='bbox 1110 1025 1264 1098; x_wconf 89' lang='lat' dir='ltr'>Quid</span> <span class='ocrx_word' id='word_1_83' title='bbox 1293 1039 1373 1083; x_wconf 89' lang='lat' dir='ltr'>est</span> <span class='ocrx_word' id='word_1_84' title='bbox 1412 1051 1439 1079; x_wconf 75' lang='grc' dir='ltr'>(ε</span> <span class='ocrx_word' id='word_1_85' title='bbox 1476 1024 1833 1097; x_wconf 83' lang='lat' dir='ltr'>Maledictus,</span> <span class='ocrx_word' id='word_1_86' title='bbox 1860 1051 1886 1077; x_wconf 76' lang='lat'>&gt;2</span> <span class='ocrx_word' id='word_1_87' title='bbox 1917 1025 2022 1083; x_wconf 89' lang='lat' dir='ltr'>nisi</span> <span class='ocrx_word' id='word_1_88' title='bbox 2053 1047 2069 1082; x_wconf 68' lang='grc' dir='ltr'>ι</span> 
     </span>
     <span class='ocr_line' id='line_1_10' title="bbox 349 1113 2076 1195; baseline -0.002 -24"><span class='ocrx_word' id='word_1_89' title='bbox 349 1126 376 1166; x_wconf 75' lang='grc' dir='ltr'>ἑ(</span> <span class='ocrx_word' id='word_1_90' title='bbox 406 1116 574 1173; x_wconf 90' lang='lat' dir='ltr'>Terra</span> <span class='ocrx_word' id='word_1_91' title='bbox 597 1137 682 1187; x_wconf 83' lang='lat' dir='ltr'>eS,</span> <span class='ocrx_word' id='word_1_92' title='bbox 715 1130 768 1174; x_wconf 88' lang='lat' dir='ltr'>et</span> <span class='ocrx_word' id='word_1_93' title='bbox 786 1116 845 1174; x_wconf 94' lang='lat' dir='ltr'>in</span> <span class='ocrx_word' id='word_1_94' title='bbox 867 1130 1066 1186; x_wconf 88' lang='lat' dir='ltr'>terram</span> <span class='ocrx_word' id='word_1_95' title='bbox 1097 1115 1274 1175; x_wconf 69' lang='lat' dir='ltr'>ibis3&#39;?</span> <span class='ocrx_word' id='word_1_96' title='bbox 1298 1143 1324 1169; x_wconf 88' lang='grc'>»</span> <span class='ocrx_word' id='word_1_97' title='bbox 1365 1116 1435 1173; x_wconf 88' lang='lat' dir='ltr'>Et</span> <span class='ocrx_word' id='word_1_98' title='bbox 1460 1114 1599 1195; x_wconf 87' lang='lat' dir='ltr'>qnid</span> <span class='ocrx_word' id='word_1_99' title='bbox 1632 1127 1711 1173; x_wconf 90' lang='lat' dir='ltr'>est</span> <span class='ocrx_word' id='word_1_100' title='bbox 1743 1141 1770 1168; x_wconf 74' lang='grc' dir='ltr'>ε(</span> <span class='ocrx_word' id='word_1_101' title='bbox 1792 1113 1987 1174; x_wconf 91' lang='lat' dir='ltr'>Omnis</span> <span class='ocrx_word' id='word_1_102' title='bbox 2005 1161 2020 1186; x_wconf 85' lang='lat'>,</span> <span class='ocrx_word' id='word_1_103' title='bbox 2048 1140 2076 1168; x_wconf 88' lang='lat'>»</span> 
     </span>
     <span class='ocr_line' id='line_1_11' title="bbox 350 1202 2078 1285; baseline 0.001 -26"><span class='ocrx_word' id='word_1_104' title='bbox 350 1202 453 1259; x_wconf 84' lang='lat' dir='ltr'>nisi</span> <span class='ocrx_word' id='word_1_105' title='bbox 479 1203 609 1284; x_wconf 88' lang='lat' dir='ltr'>quia</span> <span class='ocrx_word' id='word_1_106' title='bbox 641 1217 694 1262; x_wconf 90' lang='lat' dir='ltr'>et</span> <span class='ocrx_word' id='word_1_107' title='bbox 728 1205 845 1285; x_wconf 88' lang='lat' dir='ltr'>ipse</span> <span class='ocrx_word' id='word_1_108' title='bbox 885 1203 1168 1274; x_wconf 83' lang='lat' dir='ltr'>ChristuS,</span> <span class='ocrx_word' id='word_1_109' title='bbox 1200 1204 1295 1284; x_wconf 93' lang='lat' dir='ltr'>qui</span> <span class='ocrx_word' id='word_1_110' title='bbox 1326 1224 1453 1261; x_wconf 89' lang='lat' dir='ltr'>cum</span> <span class='ocrx_word' id='word_1_111' title='bbox 1484 1216 1618 1261; x_wconf 90' lang='lat' dir='ltr'>esset</span> <span class='ocrx_word' id='word_1_112' title='bbox 1652 1204 1761 1262; x_wconf 86' lang='lat' dir='ltr'>vita</span> <span class='ocrx_word' id='word_1_113' title='bbox 1782 1250 1796 1273; x_wconf 88' lang='lat'>,</span> <span class='ocrx_word' id='word_1_114' title='bbox 1828 1215 2078 1261; x_wconf 89' lang='lat' dir='ltr'>mortuus</span> 
     </span>
     <span class='ocr_line' id='line_1_12' title="bbox 350 1291 2077 1371; baseline 0.001 -24"><span class='ocrx_word' id='word_1_115' title='bbox 350 1304 431 1348; x_wconf 89' lang='lat' dir='ltr'>est</span> <span class='ocrx_word' id='word_1_116' title='bbox 460 1304 639 1350; x_wconf 88' lang='lat' dir='ltr'>tamen</span> <span class='ocrx_word' id='word_1_117' title='bbox 666 1315 795 1352; x_wconf 85' lang='lat' dir='ltr'>vera</span> <span class='ocrx_word' id='word_1_118' title='bbox 825 1307 999 1351; x_wconf 89' lang='lat' dir='ltr'>morte</span> <span class='ocrx_word' id='word_1_119' title='bbox 1017 1340 1032 1365; x_wconf 92' lang='lat'>,</span> <span class='ocrx_word' id='word_1_120' title='bbox 1067 1315 1180 1352; x_wconf 89' lang='lat' dir='ltr'>non</span> <span class='ocrx_word' id='word_1_121' title='bbox 1209 1294 1380 1352; x_wconf 70' lang='lat' dir='ltr'>ficta?</span> <span class='ocrx_word' id='word_1_122' title='bbox 1417 1293 1476 1350; x_wconf 86' lang='lat' dir='ltr'>Si</span> <span class='ocrx_word' id='word_1_123' title='bbox 1508 1292 1778 1369; x_wconf 87' lang='lat' dir='ltr'>intelligas</span> <span class='ocrx_word' id='word_1_124' title='bbox 1799 1291 1900 1350; x_wconf 91' lang='lat' dir='ltr'>ista</span> <span class='ocrx_word' id='word_1_125' title='bbox 1922 1312 2077 1371; x_wconf 88' lang='lat' dir='ltr'>mys-</span> 
     </span>
     <span class='ocr_line' id='line_1_13' title="bbox 351 1378 2079 1461; baseline 0 -24"><span class='ocrx_word' id='word_1_126' title='bbox 351 1380 526 1452; x_wconf 84' lang='lat' dir='ltr'>teria,</span> <span class='ocrx_word' id='word_1_127' title='bbox 565 1382 727 1440; x_wconf 89' lang='lat' dir='ltr'>simul</span> <span class='ocrx_word' id='word_1_128' title='bbox 758 1383 1022 1458; x_wconf 87' lang='lat' dir='ltr'>intelliges</span> <span class='ocrx_word' id='word_1_129' title='bbox 1056 1403 1171 1440; x_wconf 92' lang='lat' dir='ltr'>non</span> <span class='ocrx_word' id='word_1_130' title='bbox 1219 1404 1330 1440; x_wconf 91' lang='lat' dir='ltr'>esse</span> <span class='ocrx_word' id='word_1_131' title='bbox 1369 1381 1638 1457; x_wconf 88' lang='lat' dir='ltr'>contagia.</span> <span class='ocrx_word' id='word_1_132' title='bbox 1691 1381 1799 1439; x_wconf 87' lang='lat' dir='ltr'>Sed</span> <span class='ocrx_word' id='word_1_133' title='bbox 1833 1379 1970 1461; x_wconf 89' lang='lat' dir='ltr'>quid</span> <span class='ocrx_word' id='word_1_134' title='bbox 2009 1378 2079 1437; x_wconf 88' lang='lat' dir='ltr'>ad</span> 
     </span>
     <span class='ocr_line' id='line_1_14' title="bbox 350 1467 2081 1551; baseline 0 -27"><span class='ocrx_word' id='word_1_135' title='bbox 350 1489 482 1538; x_wconf 79' lang='lat' dir='ltr'>nOS,</span> <span class='ocrx_word' id='word_1_136' title='bbox 520 1470 563 1527; x_wconf 89' lang='lat' dir='ltr'>si</span> <span class='ocrx_word' id='word_1_137' title='bbox 598 1491 746 1527; x_wconf 89' lang='lat' dir='ltr'>more</span> <span class='ocrx_word' id='word_1_138' title='bbox 794 1485 886 1529; x_wconf 92' lang='lat' dir='ltr'>tuo</span> <span class='ocrx_word' id='word_1_139' title='bbox 927 1470 1183 1551; x_wconf 90' lang='lat' dir='ltr'>loquens,</span> <span class='ocrx_word' id='word_1_140' title='bbox 1212 1483 1544 1528; x_wconf 62' lang='lat' dir='ltr'>xcontactum</span> <span class='ocrx_word' id='word_1_141' title='bbox 1587 1469 1727 1527; x_wconf 88' lang='lat' dir='ltr'>forte</span> <span class='ocrx_word' id='word_1_142' title='bbox 1764 1467 2081 1527; x_wconf 82' lang='lat' dir='ltr'>mortalium</span> 
     </span>
     <span class='ocr_line' id='line_1_15' title="bbox 351 1556 2082 1639; baseline -0.001 -26"><span class='ocrx_word' id='word_1_143' title='bbox 351 1556 574 1615; x_wconf 86' lang='lat' dir='ltr'>voluisti</span> <span class='ocrx_word' id='word_1_144' title='bbox 600 1558 878 1639; x_wconf 86' lang='lat' dir='ltr'>appellare</span> <span class='ocrx_word' id='word_1_145' title='bbox 906 1559 1258 1635; x_wconf 88' lang='lat' dir='ltr'>contagium;</span> <span class='ocrx_word' id='word_1_146' title='bbox 1287 1580 1414 1617; x_wconf 90' lang='lat' dir='ltr'>cum</span> <span class='ocrx_word' id='word_1_147' title='bbox 1443 1571 1625 1616; x_wconf 88' lang='lat' dir='ltr'>tamen</span> <span class='ocrx_word' id='word_1_148' title='bbox 1652 1557 1945 1615; x_wconf 90' lang='lat' dir='ltr'>nobiscum</span> <span class='ocrx_word' id='word_1_149' title='bbox 1966 1576 2082 1613; x_wconf 89' lang='lat' dir='ltr'>sen-</span> 
     </span>
     <span class='ocr_line' id='line_1_16' title="bbox 356 1642 2082 1727; baseline 0.001 -27"><span class='ocrx_word' id='word_1_150' title='bbox 356 1646 458 1701; x_wconf 83' lang='lat' dir='ltr'>tias</span> <span class='ocrx_word' id='word_1_151' title='bbox 499 1646 801 1705; x_wconf 90' lang='lat' dir='ltr'>Dominum</span> <span class='ocrx_word' id='word_1_152' title='bbox 828 1653 1009 1705; x_wconf 78' lang='lat' dir='ltr'>Jesum</span> <span class='ocrx_word' id='word_1_153' title='bbox 1030 1695 1044 1719; x_wconf 87' lang='lat'>,</span> <span class='ocrx_word' id='word_1_154' title='bbox 1078 1667 1178 1705; x_wconf 88' lang='lat' dir='ltr'>nec</span> <span class='ocrx_word' id='word_1_155' title='bbox 1221 1647 1281 1704; x_wconf 90' lang='lat' dir='ltr'>in</span> <span class='ocrx_word' id='word_1_156' title='bbox 1322 1646 1520 1727; x_wconf 87' lang='lat' dir='ltr'>spiritu</span> <span class='ocrx_word' id='word_1_157' title='bbox 1543 1692 1557 1716; x_wconf 86' lang='lat'>,</span> <span class='ocrx_word' id='word_1_158' title='bbox 1589 1645 1767 1703; x_wconf 82' lang='lat' dir='ltr'>necin</span> <span class='ocrx_word' id='word_1_159' title='bbox 1799 1664 1960 1703; x_wconf 85' lang='lat' dir='ltr'>carne</span> <span class='ocrx_word' id='word_1_160' title='bbox 1990 1642 2082 1701; x_wconf 90' lang='lat' dir='ltr'>ul-</span> 
     </span>
     <span class='ocr_line' id='line_1_17' title="bbox 354 1731 1112 1815; baseline 0.005 -27"><span class='ocrx_word' id='word_1_161' title='bbox 354 1731 470 1789; x_wconf 89' lang='lat' dir='ltr'>lum</span> <span class='ocrx_word' id='word_1_162' title='bbox 498 1733 755 1792; x_wconf 87' lang='lat' dir='ltr'>habuisse</span> <span class='ocrx_word' id='word_1_163' title='bbox 783 1739 1112 1815; x_wconf 71' lang='lat' dir='ltr'>peccatum?</span> 
     </span>
    </p>

    <p class='ocr_par' dir='ltr' id='par_1_3' title="bbox 355 1819 2094 3235">
     <span class='ocr_line' id='line_1_18' title="bbox 438 1819 2084 1903; baseline 0.001 -27"><span class='ocrx_word' id='word_1_164' title='bbox 438 1821 542 1903; x_wconf 88' lang='lat' dir='ltr'><strong>III.</strong></span> <span class='ocrx_word' id='word_1_165' title='bbox 564 1822 761 1880; x_wconf 60' lang='lat' dir='ltr'>‘Tertio</span> <span class='ocrx_word' id='word_1_166' title='bbox 782 1823 905 1881; x_wconf 90' lang='lat' dir='ltr'>loco</span> <span class='ocrx_word' id='word_1_167' title='bbox 918 1823 985 1881; x_wconf 90' lang='lat' dir='ltr'>de</span> <span class='ocrx_word' id='word_1_168' title='bbox 1000 1822 1264 1881; x_wconf 85' lang='lat' dir='ltr'>invisibili</span> <span class='ocrx_word' id='word_1_169' title='bbox 1287 1823 1401 1880; x_wconf 95' lang='lat' dir='ltr'>Deo</span> <span class='ocrx_word' id='word_1_170' title='bbox 1419 1843 1544 1880; x_wconf 90' lang='lat' dir='ltr'>cum</span> <span class='ocrx_word' id='word_1_171' title='bbox 1566 1842 1801 1899; x_wconf 85' lang='lat' dir='ltr'>agerem,</span> <span class='ocrx_word' id='word_1_172' title='bbox 1824 1819 2084 1878; x_wconf 87' lang='lat' dir='ltr'>admonui</span> 
     </span>
     <span class='ocr_line' id='line_1_19' title="bbox 356 1908 2085 1983; baseline 0.001 -18"><span class='ocrx_word' id='word_1_173' title='bbox 356 1921 420 1965; x_wconf 90' lang='lat' dir='ltr'>ut</span> <span class='ocrx_word' id='word_1_174' title='bbox 462 1909 704 1969; x_wconf 89' lang='lat' dir='ltr'>crederes</span> <span class='ocrx_word' id='word_1_175' title='bbox 743 1912 1105 1983; x_wconf 86' lang='lat' dir='ltr'>invisibilem,</span> <span class='ocrx_word' id='word_1_176' title='bbox 1146 1933 1258 1969; x_wconf 91' lang='lat' dir='ltr'>non</span> <span class='ocrx_word' id='word_1_177' title='bbox 1291 1911 1467 1969; x_wconf 90' lang='lat' dir='ltr'>solum</span> <span class='ocrx_word' id='word_1_178' title='bbox 1502 1917 1752 1981; x_wconf 82' lang='lat' dir='ltr'>Patrem,</span> <span class='ocrx_word' id='word_1_179' title='bbox 1801 1908 1893 1967; x_wconf 83' lang='lat' dir='ltr'>sed</span> <span class='ocrx_word' id='word_1_180' title='bbox 1922 1908 2085 1966; x_wconf 90' lang='lat' dir='ltr'>etiam</span> 
     </span>
     <span class='ocr_line' id='line_1_20' title="bbox 358 1996 2081 2072; baseline 0.001 -19"><span class='ocrx_word' id='word_1_181' title='bbox 358 1996 558 2055; x_wconf 89' lang='lat' dir='ltr'>Filium</span> <span class='ocrx_word' id='word_1_182' title='bbox 598 2000 901 2059; x_wconf 89' lang='lat' dir='ltr'>secundum</span> <span class='ocrx_word' id='word_1_183' title='bbox 931 2000 1304 2072; x_wconf 90' lang='lat' dir='ltr'>divinitatem,</span> <span class='ocrx_word' id='word_1_184' title='bbox 1346 2021 1458 2058; x_wconf 89' lang='lat' dir='ltr'>non</span> <span class='ocrx_word' id='word_1_185' title='bbox 1495 1998 1798 2057; x_wconf 90' lang='lat' dir='ltr'>secundum</span> <span class='ocrx_word' id='word_1_186' title='bbox 1827 2019 2044 2057; x_wconf 87' lang='lat' dir='ltr'>carnem</span> <span class='ocrx_word' id='word_1_187' title='bbox 2067 2043 2081 2062; x_wconf 86' lang='grc'>,</span> 
     </span>
     <span class='ocr_line' id='line_1_21' title="bbox 355 2084 2087 2169; baseline 0.001 -27"><span class='ocrx_word' id='word_1_188' title='bbox 355 2084 414 2142; x_wconf 92' lang='lat' dir='ltr'>in</span> <span class='ocrx_word' id='word_1_189' title='bbox 448 2108 556 2166; x_wconf 86' lang='lat' dir='ltr'>qua</span> <span class='ocrx_word' id='word_1_190' title='bbox 587 2110 712 2146; x_wconf 89' lang='lat' dir='ltr'>cum</span> <span class='ocrx_word' id='word_1_191' title='bbox 736 2089 1005 2148; x_wconf 84' lang='lat' dir='ltr'>visibilem</span> <span class='ocrx_word' id='word_1_192' title='bbox 1039 2089 1364 2147; x_wconf 86' lang='lat' dir='ltr'>mortalibus</span> <span class='ocrx_word' id='word_1_193' title='bbox 1398 2087 1714 2169; x_wconf 86' lang='lat' dir='ltr'>apparuisse</span> <span class='ocrx_word' id='word_1_194' title='bbox 1739 2086 1863 2167; x_wconf 87' lang='lat' dir='ltr'>quis</span> <span class='ocrx_word' id='word_1_195' title='bbox 1892 2088 2087 2162; x_wconf 66' lang='lat' dir='ltr'>negat?</span> 
     </span>
     <span class='ocr_line' id='line_1_22' title="bbox 363 2173 2090 2278; baseline 0.001 -48"><span class='ocrx_word' id='word_1_196' title='bbox 363 2174 510 2232; x_wconf 90' lang='lat' dir='ltr'>unde</span> <span class='ocrx_word' id='word_1_197' title='bbox 532 2189 586 2233; x_wconf 88' lang='lat' dir='ltr'>et</span> <span class='ocrx_word' id='word_1_198' title='bbox 615 2176 721 2235; x_wconf 86' lang='lat' dir='ltr'>alio</span> <span class='ocrx_word' id='word_1_199' title='bbox 743 2177 865 2236; x_wconf 91' lang='lat' dir='ltr'>loco</span> <span class='ocrx_word' id='word_1_200' title='bbox 889 2191 1077 2278; x_wconf 83' lang='lat' dir='ltr'>postca</span> <span class='ocrx_word' id='word_1_201' title='bbox 1107 2177 1403 2276; x_wconf 85' lang='lat' dir='ltr'>disputavi.</span> <span class='ocrx_word' id='word_1_202' title='bbox 1434 2178 1522 2234; x_wconf 89' lang='lat' dir='ltr'>Tu</span> <span class='ocrx_word' id='word_1_203' title='bbox 1545 2189 1718 2234; x_wconf 84' lang='lat' dir='ltr'>autem</span> <span class='ocrx_word' id='word_1_204' title='bbox 1750 2173 1945 2232; x_wconf 87' lang='lat' dir='ltr'>cedens</span> <span class='ocrx_word' id='word_1_205' title='bbox 1966 2195 2090 2231; x_wconf 86' lang='lat' dir='ltr'>ma-</span> 
     </span>
     <span class='ocr_line' id='line_1_23' title="bbox 358 2261 2084 2338; baseline -0.001 -17"><span class='ocrx_word' id='word_1_206' title='bbox 358 2263 718 2325; x_wconf 83' lang='lat' dir='ltr'>nifestissimae</span> <span class='ocrx_word' id='word_1_207' title='bbox 748 2267 896 2325; x_wconf 88' lang='lat' dir='ltr'>verit·</span> <span class='ocrx_word' id='word_1_208' title='bbox 887 2268 988 2338; x_wconf 72' lang='lat' dir='ltr'>ui,</span> <span class='ocrx_word' id='word_1_209' title='bbox 1016 2266 1332 2326; x_wconf 89' lang='lat' dir='ltr'>consensisti</span> <span class='ocrx_word' id='word_1_210' title='bbox 1354 2287 1463 2324; x_wconf 91' lang='lat' dir='ltr'>esse</span> <span class='ocrx_word' id='word_1_211' title='bbox 1491 2263 1819 2323; x_wconf 87' lang='lat' dir='ltr'>invisibilem</span> <span class='ocrx_word' id='word_1_212' title='bbox 1843 2261 2084 2321; x_wconf 82' lang='lat' dir='ltr'>Filium:</span> 
     </span>
     <span class='ocr_line' id='line_1_24' title="bbox 364 2350 2090 2436; baseline -0.001 -26.999"><span class='ocrx_word' id='word_1_213' title='bbox 364 2373 427 2410; x_wconf 89' lang='lat' dir='ltr'>ac</span> <span class='ocrx_word' id='word_1_214' title='bbox 455 2376 553 2433; x_wconf 83' lang='lat' dir='ltr'>per</span> <span class='ocrx_word' id='word_1_215' title='bbox 576 2354 686 2414; x_wconf 91' lang='lat' dir='ltr'>hoc</span> <span class='ocrx_word' id='word_1_216' title='bbox 715 2356 1022 2414; x_wconf 84' lang='lat' dir='ltr'>destruxisti</span> <span class='ocrx_word' id='word_1_217' title='bbox 1044 2354 1194 2436; x_wconf 88' lang='lat' dir='ltr'>quod</span> <span class='ocrx_word' id='word_1_218' title='bbox 1219 2354 1470 2412; x_wconf 85' lang='lat' dir='ltr'>dixeras.</span> <span class='ocrx_word' id='word_1_219' title='bbox 1508 2380 1533 2406; x_wconf 78' lang='grc' dir='ltr'>α</span> <span class='ocrx_word' id='word_1_220' title='bbox 1555 2353 1742 2411; x_wconf 88' lang='lat' dir='ltr'>Unum</span> <span class='ocrx_word' id='word_1_221' title='bbox 1761 2350 2090 2410; x_wconf 89' lang='lat' dir='ltr'>invisibilem</span> 
     </span>
     <span class='ocr_line' id='line_1_25' title="bbox 363 2441 2086 2510; baseline 0 -12"><span class='ocrx_word' id='word_1_222' title='bbox 363 2467 390 2494; x_wconf 73' lang='lat'>&gt;³</span> <span class='ocrx_word' id='word_1_223' title='bbox 415 2443 726 2503; x_wconf 84' lang='lat' dir='ltr'>Patrem.»</span> <span class='ocrx_word' id='word_1_224' title='bbox 777 2445 880 2503; x_wconf 85' lang='lat' dir='ltr'>Sed</span> <span class='ocrx_word' id='word_1_225' title='bbox 925 2467 1112 2504; x_wconf 86' lang='lat' dir='ltr'>rursus</span> <span class='ocrx_word' id='word_1_226' title='bbox 1157 2458 1251 2503; x_wconf 90' lang='lat' dir='ltr'>tua</span> <span class='ocrx_word' id='word_1_227' title='bbox 1296 2443 1645 2502; x_wconf 87' lang='lat' dir='ltr'>consensione</span> <span class='ocrx_word' id='word_1_228' title='bbox 1693 2441 2054 2500; x_wconf 89' lang='lat' dir='ltr'>conturbatus</span> <span class='ocrx_word' id='word_1_229' title='bbox 2071 2486 2086 2510; x_wconf 91' lang='lat'>,</span> 
     </span>
     <span class='ocr_line' id='line_1_26' title="bbox 363 2531 2093 2610; baseline 0 -24"><span class='ocrx_word' id='word_1_230' title='bbox 363 2531 491 2610; x_wconf 87' lang='lat' dir='ltr'>quia</span> <span class='ocrx_word' id='word_1_231' title='bbox 514 2532 847 2593; x_wconf 83' lang='lat' dir='ltr'>invisibilem</span> <span class='ocrx_word' id='word_1_232' title='bbox 879 2535 1043 2593; x_wconf 89' lang='lat' dir='ltr'>etiam</span> <span class='ocrx_word' id='word_1_233' title='bbox 1070 2533 1270 2592; x_wconf 91' lang='lat' dir='ltr'>Filium</span> <span class='ocrx_word' id='word_1_234' title='bbox 1301 2555 1411 2592; x_wconf 85' lang='lat' dir='ltr'>esse</span> <span class='ocrx_word' id='word_1_235' title='bbox 1440 2552 1817 2602; x_wconf 84' lang='lat' dir='ltr'>consenseraS‚</span> <span class='ocrx_word' id='word_1_236' title='bbox 1851 2551 2010 2588; x_wconf 89' lang='lat' dir='ltr'>ausus</span> <span class='ocrx_word' id='word_1_237' title='bbox 2039 2549 2093 2605; x_wconf 85' lang='lat' dir='ltr'>es</span> 
     </span>
     <span class='ocr_line' id='line_1_27' title="bbox 364 2618 2093 2701; baseline -0.001 -25"><span class='ocrx_word' id='word_1_238' title='bbox 364 2618 545 2678; x_wconf 87' lang='lat' dir='ltr'>dicere</span> <span class='ocrx_word' id='word_1_239' title='bbox 566 2668 580 2693; x_wconf 94' lang='lat'>,</span> <span class='ocrx_word' id='word_1_240' title='bbox 606 2623 820 2682; x_wconf 89' lang='lat' dir='ltr'>minora</span> <span class='ocrx_word' id='word_1_241' title='bbox 844 2624 1018 2682; x_wconf 86' lang='lat' dir='ltr'>videri</span> <span class='ocrx_word' id='word_1_242' title='bbox 1041 2647 1070 2682; x_wconf 89' lang='lat' dir='ltr'>a</span> <span class='ocrx_word' id='word_1_243' title='bbox 1094 2623 1394 2701; x_wconf 89' lang='lat' dir='ltr'>majoribus</span> <span class='ocrx_word' id='word_1_244' title='bbox 1413 2669 1427 2693; x_wconf 90' lang='lat'>,</span> <span class='ocrx_word' id='word_1_245' title='bbox 1469 2625 1673 2697; x_wconf 86' lang='lat' dir='ltr'>majora</span> <span class='ocrx_word' id='word_1_246' title='bbox 1693 2640 1822 2678; x_wconf 89' lang='lat' dir='ltr'>vero</span> <span class='ocrx_word' id='word_1_247' title='bbox 1848 2641 1878 2676; x_wconf 89' lang='lat' dir='ltr'>a</span> <span class='ocrx_word' id='word_1_248' title='bbox 1906 2618 2093 2676; x_wconf 92' lang='lat' dir='ltr'>mino-</span> 
     </span>
     <span class='ocr_line' id='line_1_28' title="bbox 363 2705 2094 2793; baseline -0.001 -28"><span class='ocrx_word' id='word_1_249' title='bbox 363 2708 519 2767; x_wconf 89' lang='lat' dir='ltr'>ribus</span> <span class='ocrx_word' id='word_1_250' title='bbox 546 2732 658 2768; x_wconf 91' lang='lat' dir='ltr'>non</span> <span class='ocrx_word' id='word_1_251' title='bbox 674 2733 829 2793; x_wconf 90' lang='lat' dir='ltr'>posse</span> <span class='ocrx_word' id='word_1_252' title='bbox 857 2713 1058 2781; x_wconf 81' lang='lat' dir='ltr'>videri3</span> <span class='ocrx_word' id='word_1_253' title='bbox 1080 2712 1266 2771; x_wconf 90' lang='lat' dir='ltr'>dicens</span> <span class='ocrx_word' id='word_1_254' title='bbox 1298 2709 1527 2786; x_wconf 88' lang='lat' dir='ltr'>Angelos</span> <span class='ocrx_word' id='word_1_255' title='bbox 1556 2707 1730 2768; x_wconf 89' lang='lat' dir='ltr'>videri</span> <span class='ocrx_word' id='word_1_256' title='bbox 1749 2708 1819 2766; x_wconf 90' lang='lat' dir='ltr'>ab</span> <span class='ocrx_word' id='word_1_257' title='bbox 1846 2705 2094 2766; x_wconf 87' lang='lat' dir='ltr'>Archan-</span> 
     </span>
     <span class='ocr_line' id='line_1_29' title="bbox 365 2796 2094 2877; baseline -0.001 -23"><span class='ocrx_word' id='word_1_258' title='bbox 365 2797 496 2872; x_wconf 88' lang='lat' dir='ltr'>gelis</span> <span class='ocrx_word' id='word_1_259' title='bbox 515 2845 528 2869; x_wconf 85' lang='lat'>,</span> <span class='ocrx_word' id='word_1_260' title='bbox 557 2800 764 2870; x_wconf 75' lang='lat' dir='ltr'>animas</span> <span class='ocrx_word' id='word_1_261' title='bbox 791 2802 862 2859; x_wconf 93' lang='lat' dir='ltr'>ab</span> <span class='ocrx_word' id='word_1_262' title='bbox 889 2800 1105 2877; x_wconf 88' lang='lat' dir='ltr'>Angelis</span> <span class='ocrx_word' id='word_1_263' title='bbox 1124 2846 1138 2871; x_wconf 83' lang='grc'>,</span> <span class='ocrx_word' id='word_1_264' title='bbox 1168 2799 1394 2875; x_wconf 86' lang='lat' dir='ltr'>Angelos</span> <span class='ocrx_word' id='word_1_265' title='bbox 1422 2818 1549 2856; x_wconf 85' lang='lat' dir='ltr'>vero</span> <span class='ocrx_word' id='word_1_266' title='bbox 1573 2796 1644 2854; x_wconf 92' lang='lat' dir='ltr'>ab</span> <span class='ocrx_word' id='word_1_267' title='bbox 1671 2796 1960 2854; x_wconf 88' lang='lat' dir='ltr'>animabus</span> <span class='ocrx_word' id='word_1_268' title='bbox 1981 2815 2094 2852; x_wconf 89' lang='lat' dir='ltr'>non</span> 
     </span>
     <span class='ocr_line' id='line_1_30' title="bbox 364 2883 2094 2947; baseline -0.001 -6"><span class='ocrx_word' id='word_1_269' title='bbox 364 2884 537 2943; x_wconf 91' lang='lat' dir='ltr'>videri</span> <span class='ocrx_word' id='word_1_270' title='bbox 571 2909 584 2943; x_wconf 92' lang='lat'><strong>:</strong></span> <span class='ocrx_word' id='word_1_271' title='bbox 623 2889 768 2947; x_wconf 91' lang='lat' dir='ltr'>unde</span> <span class='ocrx_word' id='word_1_272' title='bbox 797 2890 961 2947; x_wconf 85' lang='lat' dir='ltr'>etiam</span> <span class='ocrx_word' id='word_1_273' title='bbox 998 2889 1285 2947; x_wconf 86' lang='lat' dir='ltr'>Christum</span> <span class='ocrx_word' id='word_1_274' title='bbox 1317 2884 1618 2944; x_wconf 85' lang='lat' dir='ltr'>secundum</span> <span class='ocrx_word' id='word_1_275' title='bbox 1654 2883 1955 2944; x_wconf 89' lang='lat' dir='ltr'>divinitatis</span> <span class='ocrx_word' id='word_1_276' title='bbox 1982 2903 2094 2941; x_wconf 87' lang='lat' dir='ltr'>suae</span> 
     </span>
     <span class='ocr_line' id='line_1_31' title="bbox 367 2971 2094 3050; baseline -0.001 -19"><span class='ocrx_word' id='word_1_277' title='bbox 367 2975 724 3034; x_wconf 86' lang='lat' dir='ltr'>substantiam</span> <span class='ocrx_word' id='word_1_278' title='bbox 742 3024 755 3050; x_wconf 88' lang='lat'>,</span> <span class='ocrx_word' id='word_1_279' title='bbox 778 2999 890 3036; x_wconf 92' lang='lat' dir='ltr'>non</span> <span class='ocrx_word' id='word_1_280' title='bbox 918 2977 1095 3035; x_wconf 89' lang='lat' dir='ltr'>solum</span> <span class='ocrx_word' id='word_1_281' title='bbox 1127 2977 1197 3035; x_wconf 86' lang='lat' dir='ltr'>ab</span> <span class='ocrx_word' id='word_1_282' title='bbox 1225 2974 1547 3033; x_wconf 89' lang='lat' dir='ltr'>hominibus</span> <span class='ocrx_word' id='word_1_283' title='bbox 1564 3020 1578 3043; x_wconf 87' lang='lat'>,</span> <span class='ocrx_word' id='word_1_284' title='bbox 1605 2973 1697 3032; x_wconf 90' lang='lat' dir='ltr'>sed</span> <span class='ocrx_word' id='word_1_285' title='bbox 1721 2995 1818 3032; x_wconf 92' lang='lat' dir='ltr'>nec</span> <span class='ocrx_word' id='word_1_286' title='bbox 1842 2995 1871 3030; x_wconf 87' lang='lat' dir='ltr'>a</span> <span class='ocrx_word' id='word_1_287' title='bbox 1900 2971 2094 3032; x_wconf 85' lang='lat' dir='ltr'>Virtu-</span> 
     </span>
     <span class='ocr_line' id='line_1_32' title="bbox 365 3059 2094 3134; baseline -0.002 -14"><span class='ocrx_word' id='word_1_288' title='bbox 365 3063 515 3120; x_wconf 87' lang='lat' dir='ltr'>tibus</span> <span class='ocrx_word' id='word_1_289' title='bbox 544 3064 862 3123; x_wconf 88' lang='lat' dir='ltr'>coelestibus</span> <span class='ocrx_word' id='word_1_290' title='bbox 888 3065 1062 3123; x_wconf 86' lang='lat' dir='ltr'>videri</span> <span class='ocrx_word' id='word_1_291' title='bbox 1093 3085 1326 3122; x_wconf 83' lang='lat' dir='ltr'>asserens</span> <span class='ocrx_word' id='word_1_292' title='bbox 1349 3109 1362 3134; x_wconf 84' lang='lat'>,</span> <span class='ocrx_word' id='word_1_293' title='bbox 1397 3062 1518 3120; x_wconf 89' lang='lat' dir='ltr'>idco</span> <span class='ocrx_word' id='word_1_294' title='bbox 1549 3064 1764 3120; x_wconf 85' lang='lat' dir='ltr'>Patrem</span> <span class='ocrx_word' id='word_1_295' title='bbox 1798 3059 1973 3119; x_wconf 89' lang='lat' dir='ltr'>solum</span> <span class='ocrx_word' id='word_1_296' title='bbox 2001 3060 2094 3118; x_wconf 90' lang='lat' dir='ltr'>in-</span> 
     </span>
     <span class='ocr_line' id='line_1_33' title="bbox 361 3150 2094 3235; baseline -0.002 -25"><span class='ocrx_word' id='word_1_297' title='bbox 361 3150 635 3210; x_wconf 88' lang='lat' dir='ltr'>visibilem</span> <span class='ocrx_word' id='word_1_298' title='bbox 659 3174 768 3212; x_wconf 87' lang='lat' dir='ltr'>esse</span> <span class='ocrx_word' id='word_1_299' title='bbox 789 3152 999 3226; x_wconf 82' lang='lat' dir='ltr'>dixisti,</span> <span class='ocrx_word' id='word_1_300' title='bbox 1032 3153 1163 3235; x_wconf 87' lang='lat' dir='ltr'>quia</span> <span class='ocrx_word' id='word_1_301' title='bbox 1194 3150 1530 3232; x_wconf 84' lang='lat' dir='ltr'>superiorem</span> <span class='ocrx_word' id='word_1_302' title='bbox 1566 3173 1678 3209; x_wconf 91' lang='lat' dir='ltr'>non</span> <span class='ocrx_word' id='word_1_303' title='bbox 1712 3150 1884 3210; x_wconf 87' lang='lat' dir='ltr'>habet</span> <span class='ocrx_word' id='word_1_304' title='bbox 1914 3172 1944 3207; x_wconf 90' lang='lat' dir='ltr'>a</span> <span class='ocrx_word' id='word_1_305' title='bbox 1968 3151 2094 3229; x_wconf 60' lang='lat' dir='ltr'>‘quo</span> 
     </span>
    </p>
   </div>
   <div class='ocr_carea' id='block_1_3' title="bbox 423 3252 1656 3307">
    <p class='ocr_par' dir='ltr' id='par_1_4' title="bbox 423 3252 1656 3307">
     <span class='ocr_line' id='line_1_34' title="bbox 423 3252 1656 3307; baseline -0.005 -8"><span class='ocrx_word' id='word_1_306' title='bbox 423 3258 437 3287; x_wconf 89' lang='lat'><strong>¹</strong></span> <span class='ocrx_word' id='word_1_307' title='bbox 459 3259 592 3301; x_wconf 71' lang='lat' dir='ltr'>Galat.</span> <span class='ocrx_word' id='word_1_308' title='bbox 621 3273 686 3307; x_wconf 79' lang='grc' dir='ltr'>ιιι,</span> <span class='ocrx_word' id='word_1_309' title='bbox 716 3262 782 3301; x_wconf 83' lang='lat'>13.</span> <span class='ocrx_word' id='word_1_310' title='bbox 800 3281 855 3289; x_wconf 94' lang='lat'><strong>—</strong></span> <span class='ocrx_word' id='word_1_311' title='bbox 872 3257 890 3285; x_wconf 79' lang='lat'>‘²</span> <span class='ocrx_word' id='word_1_312' title='bbox 912 3261 1029 3299; x_wconf 67' lang='lat' dir='ltr'>Dent.</span> <span class='ocrx_word' id='word_1_313' title='bbox 1055 3271 1139 3306; x_wconf 78' lang='lat' dir='ltr'>xxt,</span> <span class='ocrx_word' id='word_1_314' title='bbox 1165 3259 1233 3297; x_wconf 83' lang='lat'>23.</span> <span class='ocrx_word' id='word_1_315' title='bbox 1256 3280 1305 3287; x_wconf 94' lang='lat'>-—</span> <span class='ocrx_word' id='word_1_316' title='bbox 1326 3252 1344 3283; x_wconf 81' lang='grc'>3</span> <span class='ocrx_word' id='word_1_317' title='bbox 1364 3259 1468 3296; x_wconf 81' lang='lat' dir='ltr'>Gen.</span> <span class='ocrx_word' id='word_1_318' title='bbox 1493 3269 1560 3303; x_wconf 81' lang='lat' dir='ltr'>nr,</span> <span class='ocrx_word' id='word_1_319' title='bbox 1588 3270 1656 3307; x_wconf 79' lang='lat'>¹9·</span> 
     </span>
    </p>
   </div>
  </div>
 </body>
</html>
