2144 3808
605 411 677 453 on
715 409 1037 465 ‘rammi-s,
1085 413 1197 454 ιιι.
1247 415 1326 455 xz.
1716 399 1828 470 45!

118 488 434 554 faciliorem.
468 493 658 575 Neque
678 495 824 553 enim
848 493 1052 553 frustra
1073 508 1126 554 et
1144 496 1242 554 iste
1272 496 1442 554 homo
1467 496 1675 561 dieitur
1690 544 1706 570 ‚
1734 499 1838 558 nisi

121 580 253 660 quia
285 582 423 640 inest
454 584 504 641 ei
530 583 794 642 nonnulla
826 582 1094 643 interioris
1125 583 1443 643 similitudo,
1482 586 1554 642 Et
1589 585 1684 644 illo
1716 586 1836 666 ipso

119 669 312 729 ordine
350 671 679 731 conditionis
711 685 911 730 nostrae
949 693 1062 753 quo
1105 672 1357 730 mortales
1392 685 1555 754 atque
1593 675 1837 732 carnales

120 758 297 817 effecti
323 781 509 819 sumus
523 807 538 832 ,
570 760 784 819 facilius
804 773 858 819 et
886 761 1043 841 quasi
1062 759 1381 821 familiarius
1407 761 1646 820 visibilia
1667 783 1835 842 quam

119 843 486 922 intelligibilia
523 860 970 928 pertractamus=
1012 868 1142 909 cum
1175 848 1277 906 ista
1307 849 1414 906 sint
1449 851 1706 921 exteriuS‚
1743 849 1839 908 illa

119 932 374 1007 interim,
407 949 460 994 et
486 936 589 994 ista
611 956 768 994 sensu
791 936 1041 1035 corporis
1064 936 1389 1008 sentiarum,
1421 935 1515 995 illa
1546 950 1724 998 mente
1747 937 1841 998 in-

121 1019 459 1096 telligamus3
490 1045 696 1104 nosque
730 1023 838 1104 ipsi
879 1023 1046 1086 animi
1074 1045 1185 1082 non
1220 1023 1500 1082 sensibiles
1539 1024 1742 1095 simm,
1779 1023 1840 1110 id

117 1121 223 1179 est,
270 1131 537 1191 corpora,
578 1111 672 1169 sed
709 1110 1107 1187 intelligibiles,
1150 1111 1414 1191 quoniam
1455 1111 1568 1170 vita
1605 1106 1836 1170 sumusi

121 1209 329 1271 tamen,
356 1213 417 1258 ut
440 1200 582 1272 dixi,
607 1213 760 1259 tanta
778 1199 923 1258 facta
943 1213 1022 1258 est
1046 1200 1106 1257 in
1125 1200 1451 1280 corporibus
1477 1200 1837 1272 consuetudo,

126 1298 179 1344 et
204 1286 280 1344 ita
307 1287 366 1345 in
394 1287 518 1347 haec
545 1289 684 1346 miro
706 1287 870 1346 modo
890 1286 1136 1346 relabens
1160 1287 1302 1347 foras
1325 1308 1381 1346 se
1408 1301 1590 1346 nostra
1610 1287 1842 1369 projecit

124 1373 354 1433 intentio
371 1422 387 1447 ‚
415 1390 478 1434 ut
506 1398 635 1435 cum
663 1377 735 1435 ab
762 1377 969 1435 incerto
1009 1397 1306 1457 corporum
1345 1376 1528 1435 ablata
1556 1375 1746 1448 fuerit,
1779 1389 1842 1435 ut

121 1461 181 1519 in,
201 1463 457 1542 spiritum
488 1465 663 1523 multo
693 1462 921 1534 certit'ire
950 1483 1014 1521 ac
1050 1463 1328 1523 stabiliore
1363 1464 1673 1540 cognitione
1698 1465 1841 1545 figa-

120 1562 242 1622 tur,
275 1551 508 1628 refugiat
528 1552 596 1610 ad
624 1553 724 1611 ista
745 1598 759 1623 ,
795 1564 849 1609 et
867 1551 949 1609 ibi
978 1564 1204 1632 appetat
1237 1546 1481 1632 requiem
1508 1552 1654 1611 unde
1681 1552 1843 1611 traxit

116 1637 510 1700 infirmitatem.
549 1643 723 1717 Cujus
752 1639 1070 1716 aegritudini
1097 1639 1510 1717 congruendum
1542 1654 1620 1699 est
1656 1663 1670 1697 ε
1711 1654 1773 1699 ut
1798 1640 1842 1699 si

115 1728 339 1807 quando
356 1729 614 1788 interiora
636 1729 900 1810 spiritalia
923 1729 1389 1787 accommodatius
1413 1728 1740 1804 distinguere
1760 1741 1841 1786 at-

116 1835 223 1894 que
250 1815 464 1875 facilius
491 1818 767 1876 insinuare
789 1838 1057 1876 conamur
1073 1863 1088 1888 ,
1117 1817 1187 1875 de
1213 1817 1595 1897 corporalibus
1621 1816 1842 1876 exterio-

113 1903 266 1962 ribus
304 1905 726 1964 similitudinum
757 1905 1088 1963 documenta
1114 1905 1414 1984 capiamus,
1465 1906 1637 1962 Sensu
1673 1905 1840 1980 igitur

111 1994 357 2071 corporis
388 1994 618 2052 exterior
649 1994 819 2052 homo
849 1992 1118 2073 praeditus
1147 1992 1307 2050 sentit
1336 2014 1570 2073 corpora
1606 2015 1620 2050 z
1653 1994 1838 2055 etism

111 2099 292 2138 sensus
314 2128 329 2153 ‚
359 2082 513 2162 quod
532 2081 691 2140 facile
722 2081 1055 2153 advertitur,
1095 2080 1578 2161 quinquepartitus
1602 2094 1711 2148 est,
1745 2082 1836 2139 vi«

110 2165 321 2239 dend0,
353 2169 629 2227 audiendo
650 2215 664 2240 ‚
693 2167 999 2227 olfaciendo
1019 2213 1034 2238 ,
1068 2168 1335 2243 gustando
1353 2214 1367 2238 ,
1397 2168 1686 2243 tangendo.
1725 2169 1833 2226 Sed

107 2267 161 2312 et
190 2256 428 2314 multum
452 2272 561 2329 est,
595 2270 647 2315 et
670 2278 781 2314 non
802 2255 1160 2313 necessarium
1176 2301 1193 2327 ,
1227 2268 1288 2312 ut
1317 2277 1501 2313 omnes
1531 2255 1632 2313 hos
1661 2258 1830 2336 quin-

107 2363 213 2422 que
237 2364 420 2402 sensus
452 2345 511 2403 id
538 2344 690 2426 quod
712 2343 1010 2424 quaerimus
1043 2343 1451 2418 interrogemus,
1487 2344 1654 2415 Quod
1682 2345 1828 2402 enim

105 2431 263 2488 nobis
283 2453 423 2490 unus
443 2453 632 2491 eorum
664 2431 976 2504 renuntiat,
1010 2431 1172 2488 etiam
1199 2431 1490 2490 incaeteris
1516 2432 1678 2491 valet.
1708 2433 1826 2490 Ita»-

103 2539 210 2598 que
250 2520 594 2599 potissimum
636 2520 941 2579 testimonio
974 2532 1194 2577 utamur
1222 2519 1537 2578 oculorum.
1585 2521 1637 2578 Is
1674 2521 1819 2580 enim

102 2628 284 2665 sensus
311 2610 558 2689 corporis
584 2609 812 2668 maxime
834 2607 1072 2679 excellit,
1102 2621 1159 2665 et
1192 2621 1271 2666 est
1289 2607 1483 2666 visioni
1503 2608 1695 2666 mentis
1717 2629 1820 2687 pro

100 2694 181 2752 sui
212 2698 418 2771 generis
446 2696 754 2756 diversitate
779 2696 1028 2757 vicinior,

181 2783 254 2842 ΙΙ.
310 2784 449 2842 Cum
482 2785 649 2860 igitur
680 2784 904 2865 aliquod
939 2805 1142 2864 corpus
1183 2783 1467 2854 videmu3‚
1503 2783 1627 2843 haec
1667 2784 1769 2843 tria
1791 2831 1806 2854 ‚

98 2871 247 2949 quod
273 2870 594 2930 facillimum
622 2886 730 2944 est,
762 2871 1158 2930 consideranda
1185 2883 1311 2929 sunt
1338 2884 1392 2927 et
1420 2870 1805 2946 dignoscenda,

97 2958 284 3016 Primo
320 2960 438 3039 ipsa
471 2981 553 3021 res
586 2982 751 3041 quam
783 2960 1062 3028 videmuS,
1098 2959 1208 3018 sive
1238 2958 1513 3039 lapidem,
1554 2960 1666 3019 sive
1702 2960 1810 3019 ali-

95 3068 260 3127 quam
287 3047 595 3119 flammam,
636 3049 744 3107 sive
776 3046 914 3127 quid
939 3045 1088 3104 aliud
1119 3045 1269 3127 quod
1303 3045 1473 3106 videri
1497 3048 1673 3106 oculis
1697 3071 1807 3129 po-

95 3146 229 3203 test3
262 3135 414 3215 quod
444 3135 633 3216 utique
650 3141 766 3211 jam
788 3156 898 3192 esse
918 3148 1134 3215 poterat
1152 3181 1167 3205 ‚
1197 3148 1250 3192 et
1278 3148 1570 3215 antequam
1597 3136 1805 3194 videre-

92 3236 221 3282 tur:
253 3223 451 3282 deinde
481 3224 615 3283 visio
640 3245 769 3305 quae
804 3244 919 3282 non
948 3235 1091 3294 erat,
1130 3223 1284 3302 prius
1307 3244 1476 3303 quam
1513 3245 1627 3281 rem
1652 3223 1804 3282 illam

90 3313 360 3390 obiectam
393 3313 571 3372 sensui
595 3313 914 3371 sentiremus
939 3334 954 3370 z
981 3312 1140 3371 tertio
1162 3310 1313 3392 quod
1333 3311 1392 3370 in
1409 3332 1472 3370 ea
1490 3332 1546 3369 re
1566 3333 1697 3391 quae
1724 3313 1802 3373 vi-

1548 3418 1644 3479 ‘290
