2144 3808
607 240 675 279 DE
720 239 1041 291 Tarum-Am,
1088 240 1199 280 Lm.
1251 241 1378 282 vm.
1753 221 1870 301 395

142 322 398 405 quaedam
427 322 671 398 intelligo
705 343 719 379 ε
751 320 900 378 aliud
930 341 1040 399 quo
1065 322 1276 379 animus
1296 336 1375 380 cst
1396 370 1409 394 ,
1447 323 1595 383 aliud
1622 346 1734 405 quo
1761 324 1872 385 bo-

146 432 265 474 nus,
308 413 376 469 Et
399 410 624 491 quidem
657 422 718 468 ut
742 410 954 469 animus
993 420 1156 479 esset,
1199 431 1310 491 pon
1343 412 1452 486 egit
1482 413 1597 496 ipse
1627 412 1870 493 aliquid;

145 522 257 562 non
280 502 424 561 enim
441 505 557 576 jam
581 511 694 557 erat
722 497 874 579 quod
900 510 1079 574 ageret
1099 511 1160 556 ut
1183 511 1318 559 esset
1350 521 1366 557 ε
1396 513 1457 561 ut
1481 514 1661 561 autem
1682 503 1749 561 sit
1772 503 1873 563 bo»

147 612 251 650 nus
280 591 490 650 animus
513 635 527 659 ‚
571 587 731 648 video
764 587 1034 664 agendum
1073 609 1196 647 essev
1233 589 1548 663 voluntate3
1592 613 1703 649 non
1744 594 1876 673 quia

147 680 384 761 idipsum
411 700 524 761 quo
543 678 757 752 animus
783 690 891 748 est,
912 698 1025 737 uon
1048 689 1128 738 est
1154 677 1363 759 aliquid
1388 679 1554 763 boni3
1578 701 1703 740 nam
1727 681 1873 739 unde

134 772 251 844 jam
275 768 508 839 dicitur,
538 780 591 826 et
612 765 893 827 verissime
905 764 1112 826 dicitur
1130 773 1362 846 corpore
1386 767 1609 828 melior?
1632 767 1724 827 sed
1745 767 1869 828 ideo

141 858 389 917 nondum
417 857 622 916 dicitur
647 857 829 914 bonus
867 856 1080 915 animus
1095 886 1116 928 κ,
1157 857 1420 938 quoniam
1457 871 1624 939 reptat
1649 859 1697 917 ei
1729 858 1871 917 actio

141 949 438 1007 voluntatis
459 995 473 1019 ‚
514 968 623 1028 qua
647 947 716 1004 sit
738 946 1116 1025 praestan'tior3
1145 967 1316 1028 quam
1340 947 1384 1006 si
1409 946 1729 1024 neglexerit,
1749 951 1873 1023 jure

142 1022 421 1136 culpatur,
448 1035 927 1118 recteque'dicitur
940 1056 1051 1094 non
1066 1036 1248 1094 honus
1270 1036 1501 1096 animus,
1531 1036 1709 1108 Distat
1726 1036 1874 1094 enim

135 1127 206 1186 ab
236 1148 299 1185 eo
339 1127 438 1208 qui
462 1126 573 1184 hoc
604 1126 754 1202 agitz,
783 1137 838 1182 et
877 1125 1007 1205 quia
1036 1124 1127 1182 ille
1147 1125 1470 1198 laudabilis,
1504 1124 1751 1207 profecto
1775 1125 1872 1183 iste

137 1216 232 1297 qui
257 1216 370 1275 hoc
391 1237 502 1274 non
538 1214 687 1291 agit,
711 1213 1094 1294 vituperabilis
1129 1227 1224 1273 est.
1275 1214 1421 1273 Cum
1460 1214 1592 1273 'vero
1623 1215 1733 1291 agit
1764 1214 1874 1272 hoc

133 1304 317 1362 studio
337 1351 351 1374 ,
380 1317 433 1362 et
464 1305 530 1361 fit
555 1303 736 1361 bonus
762 1303 978 1360 animus
999 1349 1015 1373 ‚
1049 1302 1154 1360 nisi
1180 1323 1233 1360 se
1265 1302 1334 1360 ad
1356 1302 1566 1385 aliquid
1589 1307 1873 1363 convertat

136 1392 288 1472 quod
313 1393 429 1473 ipse
453 1414 564 1450 non
590 1405 669 1450 est
691 1437 706 1462 ‚
735 1412 849 1449 non
871 1403 1051 1470 potest
1072 1390 1184 1448 hoc
1207 1392 1434 1472 assequi.
1467 1391 1594 1462 Quo
1614 1412 1668 1448 se
1693 1404 1874 1449 autem

137 1493 420 1540 convertat
443 1494 505 1538 ut
525 1481 625 1539 fiat
649 1481 830 1538 bonus
856 1479 1069 1537 animus
1085 1526 1099 1547 ‚
1127 1479 1232 1551 nisj
1259 1478 1327 1537 ad
1342 1480 1559 1539 *bonum
1576 1527 1590 1551 ‚
1616 1501 1744 1538 cum
1763 1460 1875 1538 lioc

134 1581 284 1627 amat
313 1582 366 1627 et
391 1570 602 1650 appetit
623 1581 677 1626 et
704 1567 1071 1648 adipiscitur}
1097 1567 1256 1638 Unde
1278 1588 1332 1625 se
1352 1567 1396 1625 si
1425 1589 1615 1627 rursus
1640 1581 1866 1640 avertat,

137 1657 340 1739 fiatque
365 1679 478 1731 non
506 1659 713 1730 bonuS‚
755 1657 868 1715 hoc
897 1657 1018 1738 ipso
1045 1679 1158 1739 quo
1187 1678 1241 1727 se
1267 1658 1458 1719 avertit
1488 1679 1518 1715 a
1540 1658 1691 1715 bono
1711 1704 1726 1728 ,
1761 1657 1869 1716 nisi

132 1760 349 1805 maneat
373 1746 430 1805 in
461 1769 514 1805 se
540 1745 680 1804 illud
703 1745 916 1804 bonum
942 1745 1090 1823 uude
1114 1767 1168 1804 se
1191 1745 1388 1806 avertit
1407 1792 1422 1818 ,
1450 1767 1560 1804 non
1582 1759 1661 1805 est
1681 1767 1792 1827 quo
1816 1767 1870 1806 se

130 1834 362 1905 iterum,
395 1834 440 1893 si
469 1833 708 1894 voluerit
730 1833 1018 1893 emendare
1038 1882 1054 1907 ,
1087 1848 1386 1908 convertat.

213 1922 279 1984 V.
317 1923 673 2004 Quapropter
692 1922 845 1982 nulla
866 1937 1043 1982 esseut
1062 1923 1352 1982 mutabilia
1384 1923 1533 2003 hona
1552 1970 1567 2001 2
1603 1924 1706 1989 nisi
1733 1937 1868 1983 esset

129 2012 583 2073 incommutabile
607 2013 839 2073 honum.
871 2017 1015 2072 Cum
1040 2013 1226 2095 itaque
1255 2012 1411 2072 audis
1439 2013 1651 2075 bonum
1677 2014 1788 2073 hoc
1807 2014 1870 2072 'et

131 2101 341 2159 bonum
367 2091 506 2161 i‘llud
529 2147 544 2174 ,
580 2122 709 2182 quae
745 2115 976 2182 possunt
996 2102 1125 2161 alias
1153 2101 1266 2160 dici
1288 2102 1453 2160 etiam
1487 2102 1600 2177 non
1625 2101 1801 2179 bona,
1829 2103 1871 2162 si

132 2189 376 2269 potueris
395 2189 509 2248 sine
530 2188 637 2262 illi5
662 2210 789 2270 quae
809 2190 1233 2271 participatione
1251 2190 1388 2248 boni
1407 2190 1555 2248 bona
1572 2205 1730 2260 sunt‚-
1747 2213 1870 2273 per-

130 2272 339 2357 'spicere
365 2276 551 2358 ipsum
594 2278 808 2336 borium
851 2283 1012 2355 cujus
1054 2278 1482 2360 participatione
1522 2279 1670 2355 bona
1706 2294 1870 2353 §unu

134 2366 296 2423 simul
322 2366 467 2424 enim
493 2379 547 2423 et
578 2366 760 2446 ips'um
788 2366 1044 2443 intelligis
1070 2414 1084 2438 ‚
1115 2389 1242 2426 cum
1284 2366 1442 2426 audis
1469 2368 1579 2427 hoc
1618 2383 1711 2428 aut
1732 2369 1871 2428 illud

132 2454 345 2512 bonum
374 2475 390 2511 ε
426 2453 470 2511 si
489 2455 619 2530 ergd
643 2455 888 2534 potueris
912 2455 1020 2513 illis
1046 2453 1305 2514 detractis
1331 2478 1433 2536 per
1452 2454 1507 2516 se
1525 2453 1707 2538 ipsum
1739 2480 1872 2539 per-

134 2543 341 2623 spicere
361 2542 594 2614 bonnm,
624 2544 957 2624 perspexeris
977 2546 1172 2604 Deum.
1202 2547 1272 2603 Et
1297 2546 1341 2619 gi
1363 2568 1545 2604 amore
1565 2547 1867 2621 inhaeseriS,

134 2634 396 2692 continuo
435 2632 858 2701 beatificaberis,
911 2633 1128 2693 Pudeat
1167 2648 1346 2703 autem
1371 2681 1385 2706 ‚
1431 2655 1559 2693 cum
1606 2634 1710 2694 alia
1760 2658 1870 2696 non

134 2732 384 2781 amentur
410 2721 513 2779 nisi
535 2721 665 2801 quia
689 2721 838 2780 bona
871 2735 999 2780 sunt
1021 2770 1035 2794 ‚
1077 2723 1151 2781 eis
1180 2722 1506 2798 inhaereudo
1536 2745 1648 2782 non
1692 2745 1872 2784 amare

134 2811 347 2868 bonum
375 2809 557 2890 ipsum
584 2810 731 2869 unde
765 2812 914 2871 bona
943 2825 1090 2873 sunt.
1130 2811 1276 2870 Illud
1305 2812 1468 2870 etiam
1492 2859 1506 2883 ‚
1552 2812 1702 2893 quod
1746 2814 1871 2873 ani-

135 2920 288 2969 muS‚
318 2911 536 2957 tantum
561 2900 691 2980 quia
724 2914 803 2970 est
840 2902 1054 2960 animus
1074 2948 1088 2972 ,
1127 2901 1291 2968 etiam
1329 2901 1577 2971 noudum
1611 2924 1674 2961 eo
1707 2904 1872 2964 modo

135 2988 316 3047 bonus
344 2983 455 3066 q'uo
478 3007 531 3044 se
551 2990 823 3047 convertit
842 2988 912 3047 ad
935 2989 1393 3049 incommutabile
1418 2978 1629 3058 Bonum
1647 3038 1661 3061 ‚
1689 2992 1782 3051 sed
1807 3007 1870 3055 ut

137 3075 278 3147 dixi,
310 3088 527 3134 tantum
555 3077 769 3135 animus
788 3097 956 3149 ‚tcum
987 3079 1063 3150 ita
1094 3078 1255 3137 nobis
1275 3077 1460 3159 placet
1486 3092 1546 3137 ut
1565 3100 1689 3138 eum
1720 3081 1873 3142 omni

138 3163 299 3246 etiam
331 3163 446 3224 luci
469 3185 750 3246 corporeae
774 3186 903 3227 cum
925 3166 1066 3228 bene
1091 3165 1448 3246 intelligimus
1475 3165 1832 3251 praeferamus
1848 3216 1866 3245 ‚
