2144 3808
615 381 687 425 niz
727 384 1048 439 mmmm,
1092 388 1204 428 mn.
1255 391 1297 430 1.
1644 442 1651 449 ,
1700 383 1809 462 195

90 468 183 529 sed
215 492 231 528 =
268 494 295 525 ει
316 469 527 552 Spiritu
550 472 669 528 Deo
692 469 1009 532 servimns1.
1040 497 1068 525 ³>
1099 471 1207 531 Sed
1239 474 1340 554 qui
1368 474 1428 534 in
1456 476 1565 536 hoc
1585 499 1768 542 errant
1786 533 1802 558 ,

88 573 141 619 et
163 559 471 619 auctoritati
493 558 727 635 graviori
743 559 931 619 cedere
952 561 1254 620 detrectant
1267 610 1282 635 ‚
1306 566 1579 647 numquid
1598 583 1652 627 et
1669 571 1810 631 illud

86 649 296 707 varium
335 648 394 707 in
434 647 720 706 codicibus
755 648 1070 729 reperiunt,
1104 676 1131 703 ε(
1156 651 1386 710 Nescitis
1417 648 1546 734 quia
1575 677 1811 738 corpora

86 762 114 790 >2
138 749 312 795 vestra
336 737 606 818 templum
638 736 696 795 in
723 737 879 796 vobis
903 751 981 795 est
1010 737 1246 818 Spiritus
1267 741 1440 799 sancti
1459 787 1475 812 ‚
1507 764 1672 824 quem
1711 746 1812 804 ha-

84 850 111 878 »
139 824 280 882 betis
301 847 332 882 a
362 827 478 883 Deo
497 826 560 884 29
585 852 612 879 υ
642 825 795 897 Quid
822 838 1000 884 autem
1023 826 1265 886 insanius
1293 831 1571 910 magisque
1600 835 1813 893 sacrile-

83 932 212 987 gum
237 925 345 984 est,
371 933 538 993 quam
561 914 874 995 utquisque
891 913 1073 980 dicere
1102 915 1298 975 audeat
1325 919 1575 979 membra
1603 922 1813 982 Christi

83 1000 351 1080 templum
373 1022 484 1060 esse
515 1015 783 1060 creaturae
817 1003 1045 1062 minoris
1079 1004 1390 1074 secundum,
1416 1006 1564 1087 ipsos
1589 1056 1604 1081 ‚
1641 1032 1810 1091 quam

82 1087 335 1147 Christus
353 1094 467 1149 est?
493 1090 616 1149 Alio
633 1091 778 1149 enim
794 1090 917 1149 loco
937 1090 1075 1151 dicit
1102 1114 1117 1149 2
1145 1094 1431 1174 «Corpora
1452 1109 1626 1155 vestra
1642 1120 1814 1159 mem-

78 1202 106 1231 »
130 1176 232 1234 bra
255 1190 382 1236 sunt
396 1178 655 1239 Christi3.
686 1206 715 1234 ›>
736 1179 795 1237 Si
816 1193 997 1239 autem
1018 1202 1145 1262 quae
1161 1182 1409 1241 membra
1430 1197 1558 1243 sunt
1577 1186 1807 1261 Christi,

78 1264 349 1346 templum
378 1279 457 1324 est
501 1266 740 1347 Spiritus
774 1270 982 1339 sancti,
1027 1288 1140 1327 non
1165 1282 1244 1327 est
1284 1283 1529 1330 creatura
1574 1273 1813 1354 Spiritus

76 1367 295 1412 sanctus
331 1377 345 1412 t
377 1356 510 1435 quia
532 1355 626 1413 cui
658 1377 862 1436 corpus
883 1369 1132 1415 nostrum
1162 1357 1806 1438 templumexhibemus,

74 1464 286 1501 necesse
315 1457 394 1502 est
423 1457 484 1502 ut
507 1445 642 1503 huic
671 1466 789 1503 eam
820 1444 1132 1506 servitutem
1157 1446 1457 1506 debeamus
1482 1493 1498 1521 ‚
1526 1471 1633 1530 qua
1663 1473 1811 1510 non-

73 1530 179 1588 nisi
207 1533 324 1589 Deo
353 1532 701 1592 serviendum
732 1546 838 1605 est,
877 1555 1007 1614 quae
1030 1555 1206 1610 graece
1234 1534 1547 1614 appellatur
1573 1542 1805 1619 λατρεία.

73 1619 233 1678 Unde
255 1634 646 1701 consequenter
666 1621 804 1680 dicit
831 1644 846 1680 ε
876 1648 904 1676 «
919 1623 1237 1705 Glorificate
1258 1643 1385 1699 ergo
1408 1628 1588 1684 Deum
1609 1627 1667 1684 in
1691 1649 1810 1687 cor-

74 1732 102 1760 »
132 1718 268 1789 P'Ore
290 1722 469 1768 Vestro
484 1709 527 1770 4.
560 1736 588 1764 ›>

151 1796 299 1857 XIV.
345 1797 522 1856 His‘et
548 1799 750 1857 talibus
773 1798 1087 1860 divinarum
1117 1799 1534 1880 Scripturarum
1559 1803 1809 1863 testimo-

69 1886 174 1944 niis
197 1932 212 1958 ,
237 1887 463 1968 rquibus
492 1934 508 1960 ,
540 1901 602 1946 ut
628 1886 739 1945 dixi
764 1934 779 1960 ‚
815 1888 1024 1968 priores
1054 1884 1226 1945 nostri
1251 1888 1527 1968 copiosius
1563 1892 1678 1964 usi,
1706 1915 1802 1952 ex·-

68 1989 452 2056 pugnaverunt
480 1976 871 2035 haereticorum
915 1976 1047 2035 tales
1092 1976 1394 2035 calumnias
1432 1977 1520 2037 vel
1555 2001 1800 2055 errores,

67 2063 375 2138 insinuatur
401 2063 529 2124 fidei
549 2078 752 2124 nostrae
781 2065 959 2124 unitas
984 2078 1038 2123 et
1060 2064 1342 2144 aequalitas
1363 2065 1664 2129 TrinitatiS.
1697 2071 1805 2129 Sed

68 2152 198 2233 quia
219 2139 394 2212 multa
415 2153 475 2212 in
496 2154 694 2212 sanctis
718 2147 903 2212 Libris
927 2165 1156 2233 propter
1179 2153 1611 2213 incarnationem
1633 2157 1802 2216 Verbi

68 2239 205 2313 Dei,
241 2258 367 2322 quae
392 2262 498 2322 pro
530 2242 701 2300 salute
728 2254 914 2299 nostra
942 2239 1248 2320 reparanda
1276 2238 1423 2298 facta
1450 2255 1561 2314 est,
1586 2257 1648 2302 ut
1676 2266 1800 2303 me-

9 2337 11 2339 ’
66 2328 246 2388 diator
268 2330 372 2389 Dei
397 2344 452 2390 et
494 2330 786 2389 bominum
814 2341 947 2387 esset
975 2328 1146 2386 homo
1188 2328 1441 2387 Christus
1467 2334 1617 2391 Jesus
1634 2332 1679 2404 5,
1723 2335 1800 2394 ita

66 2417 328 2477 dicuntur
349 2465 363 2491 ‚
393 2431 456 2477 ut
480 2423 740 2495 majorem
764 2417 902 2475 Filio
934 2420 1151 2474 Patrem
1172 2415 1501 2492 significent,
1526 2419 1613 2497 vel
1632 2422 1797 2481 etiam

65 2508 401 2589 apertissime
422 2508 708 2567 ostendant
727 2532 742 2576 ;
766 2517 1084 2566 erraverunt
1097 2505 1347 2563 homines
1365 2507 1545 2566 minus
1567 2508 1794 2587 diligen-

64 2610 150 2656 ter
175 2610 477 2657 scrutantes
503 2596 589 2657 vel
611 2597 880 2656 intuentes
910 2595 1218 2654 universam
1244 2593 1433 2652 seriem
1468 2595 1791 2678 Scriptura-

62 2707 187 2745 rum
210 2734 224 2759 ,
260 2699 314 2745 et
350 2709 411 2746 ea
441 2707 568 2768 quae
607 2684 945 2744 de-Christo
992 2683 1121 2741 Jesu
1158 2681 1460 2741 secundum
1505 2685 1788 2747 hominem

63 2774 211 2834 dicta
239 2789 394 2847 sunt,
425 2775 496 2834 ad
519 2779 563 2851 ej
574 2796 632 2833 us
654 2772 1017 2832 substantiam
1044 2791 1173 2852 quae
1204 2783 1328 2830 ante
1353 2771 1787 2835 incarnationem

60 2865 386 2945 sempiterna
405 2876 539 2938 erat,
565 2862 966 2943 et-sempiterna
982 2857 1061 2919 est
1080 2905 1092 2927 ‚
1119 2860 1406 2919 transferre
1429 2862 1613 2922 conati
1631 2879 1777 2929 sunt.

63 2955 134 3013 Et
160 2954 241 3012 illi
265 2952 489 3035 quidem
517 2952 713 3011 dicunt
746 2952 1011 3011 minorem
1048 2949 1245 3010 Filium
1282 2970 1393 3009 esse
1425 2971 1593 3034 quam
1622 2958 1783 3015 Pater

120 3089 135 3117 ¹
156 3087 373 3142 Triplicem
398 3087 565 3141 thusce
583 3084 659 3141 loci
682 3084 896 3125 lectionem
917 3082 1032 3125 affert
1064 3097 1221 3124 rursum
1247 3085 1492 3138 Augustinus
1526 3085 1568 3128 in
1601 3088 1706 3131 libro
1726 3092 1780 3133 ad

57 3156 303 3197 Bonifacium
330 3158 461 3205 tertio,
484 3170 574 3210 cap.
603 3169 640 3205 7.
665 3156 803 3208 Ipsum
824 3153 1008 3194 eumdem
1032 3154 1164 3194 locum
1184 3153 1226 3194 in
1249 3153 1399 3195 Latinis
1428 3154 1634 3199 codicibus
1664 3159 1779 3204 falsa-

54 3230 189 3264 torum
210 3222 378 3278 perfidia
397 3230 593 3264 mutatum
617 3219 762 3268 fuisse,
784 3227 922 3261 monet
952 3220 1192 3261 Ambrosius
1213 3220 1257 3262 in
1276 3220 1348 3261 lib.
1378 3220 1428 3261 de
1452 3223 1605 3277 Spiritu
1624 3236 1776 3279 sancto,

59 3303 146 3346 cap.
171 3292 213 3333 6.
236 3311 296 3323 --
316 3288 336 3321 2
360 3304 378 3331 ι
399 3292 492 3333 Cor·
511 3303 572 3347 vx,
600 3302 668 3341 ¹9·
686 3311 742 3322 -—
758 3284 778 3318 3
793 3285 902 3332 naid.
926 3287 1061 3329 15.—
1081 3283 1225 3332 ⁴1bid.
1246 3301 1315 3333 20.
1336 3309 1395 3318 —
1414 3284 1433 3318 ⁵
1454 3303 1472 3329 1
1496 3289 1599 3331 Tim.
1619 3306 1674 3350 11,
1702 3295 1747 3339 5.

1521 3369 1611 3432 13.
