2144 3808
269 316 536 355 coLLA'rlo
579 315 694 354 CUM
733 315 1024 354 MAXIMINO
1071 315 1406 358 ARIANORUM
1450 320 1624 360 EPISC.
1716 304 1794 381 [49

84 423 112 450 »
145 399 512 478 unusquisque
537 409 712 454 autem
739 417 890 453 suam
917 396 1218 455 mercedem
1249 400 1479 479 accipiet
1499 403 1798 463 secundum

85 512 110 540 »
135 508 291 545 suum
310 485 611 546 laborem1.
650 513 676 538 >2
703 486 937 545 Adverte
960 485 1153 561 igitur,
1181 487 1312 567 quia
1339 487 1469 546 licet
1500 511 1670 549 unum
1696 495 1805 551 sint

84 575 406 646 concordia,
459 588 695 632 attamen
736 574 1108 655 unusquisque
1157 596 1311 634 suam
1353 578 1656 636 mercedem
1703 603 1800 638 ac-

84 663 252 743 cipiet
298 661 599 720 secundum
645 682 804 719 suum
842 661 1108 722 laborem.
1155 663 1373 722 Intuere
1411 685 1538 741 ergo
1573 679 1625 723 et
1664 666 1802 725 illud

83 750 234 831 quod
257 751 523 809 Dominus
546 751 654 809 ait:
677 776 703 803 ε(
720 751 833 826 Ego
853 763 907 808 et
930 751 1094 809 Pater
1117 772 1291 809 unum
1305 773 1493 811 sumus
1516 754 1558 814 2.
1590 784 1616 809 »
1641 756 1806 827 Quod

86 852 233 897 certa
260 838 368 897 fide
394 861 424 896 a
478 839 639 897 nobis
656 838 897 897 creditur
912 851 963 896 et
989 839 1302 919 suscipitur.
1337 840 1450 912 Qui
1473 840 1631 914 dicit,
1651 845 1800 919 Ego:

89 926 255 985 Filius
286 940 381 986 est.
419 927 533 999 Qui
560 926 728 999 dicit,
773 940 827 985 et
861 928 1023 986 Pater
1045 973 1060 997 ‚
1102 927 1334 986 alterum
1380 930 1600 988 Patrem
1630 945 1805 990 osten-

85 1014 186 1076 dit.
220 1015 404 1074 Unum
433 1016 528 1086 ait,
556 1037 668 1074 non
701 1017 860 1076 unus,
907 1015 1123 1095 Saepius
1140 1015 1353 1075 dictum
1377 1020 1620 1099 est‚quia
1635 1041 1810 1079 unum

87 1101 157 1160 ad
188 1102 536 1161 concordiam
577 1103 829 1183 pertinet.
884 1102 1178 1175 Quomodo
1211 1125 1323 1161 non
1366 1124 1540 1163 unum
1571 1108 1734 1166 Pater
1757 1122 1811 1166 et

86 1190 276 1263 Filius,
327 1212 454 1250 cum
482 1190 705 1272 quando
755 1190 957 1249 clamat
994 1190 1164 1248 Filius
1193 1214 1207 1248 z
1243 1218 1270 1244 <‹
1293 1193 1413 1269 Ego
1446 1214 1577 1273 qllae
1606 1195 1811 1275 placita

84 1303 113 1331 »
143 1293 271 1339 sunt
297 1281 451 1339 Patri
493 1279 636 1339 facio
674 1300 885 1360 semper
901 1278 944 1339 3.
973 1306 1000 1333 »
1050 1280 1220 1338 Tunc
1252 1279 1476 1339 demum
1522 1303 1636 1340 non
1676 1298 1813 1342 esset

83 1387 256 1426 unum
285 1389 412 1427 cum
446 1371 630 1440 Patre,
665 1368 710 1427 si
750 1368 1024 1429 contraria
1072 1367 1224 1426 Pani
1255 1367 1456 1426 faceret
1486 1368 1796 1450 aliquando,

84 1454 177 1511 Sic
201 1468 380 1513 autem
411 1468 464 1513 et
496 1455 745 1535 Apostoli
767 1476 940 1513 unum
970 1468 1097 1513 sunt
1132 1475 1260 1512 cum
1290 1456 1454 1513 Patre
1482 1470 1534 1515 et
1560 1458 1722 1528 Fili0‚
1755 1461 1813 1518 in

82 1563 144 1599 eo
175 1542 326 1622 quod
347 1544 405 1600 in
432 1544 690 1600 omnibus
711 1542 780 1599 ad
813 1542 1151 1602 voluntatem
1183 1542 1287 1598 Dei
1315 1543 1490 1600 Patris
1514 1546 1813 1624 respicien-

83 1642 181 1701 teS‚
202 1630 275 1689 ad'
299 1631 661 1688 imitationem
696 1629 821 1687 Filii
843 1630 1053 1688 subditi
1072 1629 1166 1686 uni
1192 1629 1307 1686 Deo
1335 1631 1486 1688 Patri
1514 1646 1568 1689 et
1592 1634 1699 1712 ipsi
1726 1636 1809 1692 in-

80 1718 393 1778 veniuntur.
424 1721 495 1777 Et
519 1740 632 1776 non
665 1731 876 1776 tantum
907 1738 1011 1797 pro
1044 1716 1318 1796 Apostolis
1355 1716 1582 1794 legimus
1617 1722 1812 1782 Salva—

83 1818 253 1864 torem
285 1828 489 1879 orasse,
524 1820 586 1865 ut
605 1828 778 1864 unum
800 1807 929 1877 sint,
963 1805 1056 1863 sed
1086 1805 1246 1862 etiam
1271 1827 1375 1885 pro
1399 1806 1686 1867 credituris
1714 1833 1813 1892 per

80 1895 310 1953 verbum
334 1895 570 1967 illorum,
608 1894 827 1953 dicens:
866 1921 892 1946 «
918 1895 1045 1952 Non
1075 1893 1247 1952 solum
1273 1916 1377 1974 pro
1405 1895 1493 1953 his
1523 1919 1686 1975 rog03
1719 1902 1810 1960 sed

80 2007 107 2034 »
137 1995 190 2039 et
217 2004 321 2063 pro
351 1982 637 2041 credituris
658 2004 759 2063 per
786 1983 1025 2041 verbum
1061 1981 1282 2040 illorum
1306 1983 1363 2041 in
1397 2005 1505 2054 me,
1534 2000 1597 2044 ut
1625 2009 1811 2049 omnes

80 2095 107 2122 »
139 2090 313 2129 unum
341 2071 480 2129 sint:
514 2070 657 2130 sicut
690 2083 774 2142 tu,
804 2072 1001 2142 Pater,
1029 2069 1088 2127 in
1116 2091 1223 2139 me,
1250 2083 1304 2127 et
1334 2092 1431 2146 ego
1469 2073 1527 2130 in
1558 2088 1629 2146 te,
1673 2091 1734 2135 ut
1760 2093 1814 2137 et

80 2183 107 2211 »
135 2157 216 2217 illi
239 2158 296 2217 in
321 2159 478 2218 nobis
494 2180 668 2218 unum
713 2158 821 2217 sint
847 2180 863 2215 ε
901 2171 963 2216 ut
978 2170 1272 2233 cognoscat
1286 2157 1382 2216 hic
1408 2162 1649 2220 mundus
1680 2167 1813 2245 quia

86 2273 114 2299 >2
144 2260 206 2305 tu
249 2269 336 2306 me
374 2247 598 2321 misisti,
624 2262 678 2307 et
719 2246 949 2306 dilexisti
992 2245 1113 2304 illos
1160 2246 1299 2304 sicut
1344 2268 1431 2306 me
1461 2249 1693 2311 dilexisti
1709 2253 1750 2314 4.
1781 2282 1809 2309 «

78 2333 398 2394 Dilectionis
415 2334 568 2408 fecit,
595 2349 657 2394 ut
678 2336 931 2406 diximus,
965 2333 1326 2406 mentionem,
1365 2349 1419 2393 et
1460 2359 1572 2395 non
1601 2339 1808 2402 divini-

79 2422 237 2481 tati&
259 2423 396 2495 Quis
443 2436 623 2481 autem
655 2423 870 2499 ignorat
898 2421 1048 2503 quod
1077 2421 1282 2480 Paulus
1303 2468 1317 2493 ‚
1364 2424 1568 2491 Paulus
1609 2442 1716 2497 est;
1751 2445 1806 2490 et

79 2510 308 2590 Apollo,
360 2510 560 2591 Apollo
600 2524 722 2568 est:
766 2531 895 2568 cum
932 2509 1156 2589 quando
1197 2508 1346 2569 dicat
1395 2511 1513 2591 ipse
1552 2515 1795 2577 Paulus:

76 2622 104 2649 «
133 2597 264 2657 Plus
285 2598 542 2656 omnibus
567 2598 675 2656 illis
697 2597 966 2667 laboravi,
1006 2617 1118 2653 non
1149 2616 1246 2670 ego
1277 2610 1481 2671 autem,
1506 2602 1599 2659 sed
1628 2608 1801 2679 gratia

78 2711 105 2737 ›>
134 2685 234 2743 Dei
260 2707 476 2744 mecum
498 2685 557 2745 5?
579 2713 606 2739 »
640 2686 780 2743 Nam
809 2684 907 2765 qui
939 2683 1067 2764 plus
1097 2682 1312 2742 laborat
1347 2685 1474 2764 plus
1504 2694 1798 2772 consequi-

77 2787 184 2834 tur.
221 2774 609 2834 Verumtamen
647 2796 821 2834 unum
858 2786 1020 2844 sunt,
1052 2772 1110 2830 in
1157 2793 1449 2845 consensa,
1491 2776 1549 2834 in
1594 2799 1798 2842 conve..

75 2863 300 2934 nientia,
316 2865 374 2922 in
392 2863 711 2924 dilectione:
731 2862 955 2945 quando
977 2861 1035 2920 id
1046 2860 1257 2919 faciunt
1269 2862 1419 2942 quod
1437 2865 1583 2924 Deus
1598 2870 1736 2931 vult.
1769 2900 1797 2926 ›>

162 2954 264 3012 23⁰
308 2953 502 3011 «Dicis
548 2952 697 3033 quod
728 2973 869 3010 unus
894 2963 975 3008 est
999 2951 1162 3010 Deus,
1202 2951 1427 3023 Astrue,
1463 2954 1507 3011 si
1543 2955 1707 3016 Pater
1744 2974 1798 3018 et

79 3039 246 3099 Filius
273 3054 327 3100 et
350 3040 590 3123 Spiritus
613 3053 831 3098 sanctus
862 3058 1003 3097 unus
1031 3050 1109 3097 est
1135 3037 1312 3110 Deus,
1343 3060 1414 3097 an
1451 3040 1595 3101 solus
1632 3045 1798 3105 Pater

137 3165 152 3191 ¹
186 3178 201 3202 1
224 3165 317 3204 Cor.
345 3178 411 3211 111,
441 3166 482 3208 6.
500 3185 557 3195 —
576 3161 604 3202 ,2
623 3166 744 3208 Joan.
768 3177 809 3214 x,
833 3164 901 3206 30.
923 3183 983 3196 --
1004 3159 1023 3193 ³
1043 3161 1105 3205 Id.
1126 3176 1219 3215 vm,
1237 3176 1378 3215 29.—
1394 3160 1412 3193 ⁴
1428 3164 1492 3210 Id.
1519 3180 1622 3219 xva,
1646 3183 1715 3213 20.
1771 3175 1798 3222 'J

75 3226 94 3259 ⁵
115 3243 131 3269 ι
157 3231 249 3273 Cor.
272 3245 337 3280 xv,
366 3244 427 3272 xo.

275 3315 524 3356 cxxxvu.
1557 3301 1589 3369 4

1844 476 1870 491 ⁸
