2144 3808
331 378 410 438 5.ss
861 400 908 439 s·
961 398 1271 439 mausum
1315 400 1572 440 EPIscoPI

411 480 456 539 I.
509 478 591 537 De
617 479 835 556 duobus
864 475 966 538 diis
995 501 1123 560 quae
1145 481 1262 561 ipse
1291 480 1504 551 dixisti,
1541 502 1639 558 ego
1664 493 1808 541 certe
1830 493 2060 566 respon-

330 567 462 625 dens
491 568 670 627 verbis
712 569 852 639 tui8‚
898 569 999 627 ubi
1031 569 1149 626 aisti
1192 592 1223 627 a
1251 570 1408 628 vobis
1452 592 1624 629 unum
1675 573 1851 631 Deum
1897 573 2053 641 coli:

333 655 680 737 Consequens
708 670 818 725 est,
849 657 1075 736 inquam
1104 703 1118 726 ,
1155 671 1218 715 ut
1249 670 1343 715 aut
1369 679 1481 716 non
1501 659 1700 717 'colatis
1732 661 2016 720 Christum
2039 709 2053 735 ,

331 757 426 802 aut
452 766 564 801 non
597 766 769 802 unum
794 746 973 803 Deum
1004 745 1222 816 colatiS‚
1262 745 1355 803 sed
1380 746 1535 805 duos,
1580 747 1665 804 Ad
1701 748 1811 807 hoc
1848 764 1909 808 tu
1941 773 2058 809 res-

329 833 572 913 pondere
607 828 834 891 conat‘us
856 881 870 905 ‚
909 833 1147 892 multum
1186 833 1410 914 quidem
1446 834 1664 893 locutus
1701 858 1782 908 οε,
1828 835 2061 898 asserens

330 921 480 1001 quod
509 935 563 978 et
594 921 878 979 Christum
906 924 1086 980 Deum
1124 922 1315 980 colatis
1348 945 1362 980 :
1393 922 1486 980 scd
1513 922 1651 981 duos
1686 924 1813 983 deos
1844 948 1871 983 a
1903 927 2061 985 vobis

332 1009 440 1067 coli
470 1011 722 1092 quamvis
738 1032 850 1069 non
871 1011 1168 1087 negaveriS,
1190 1025 1372 1070 tamen
1393 1034 1505 1070 non
1529 1033 1687 1071 ausus
1711 1035 1765 1071 es
1784 1015 2052 1075 confiteri.

335 1097 556 1156 Sensisti
579 1100 720 1156 enim
746 1147 760 1171 ,
787 1099 923 1158 duos
952 1099 1079 1158 deos
1109 1122 1218 1159 esse
1240 1100 1497 1159 colendos
1516 1148 1530 1173 ‚
1563 1101 1887 1160 christianas
1908 1125 2063 1161 aures

332 1186 471 1245 ferre
499 1210 611 1246 non
637 1210 812 1269 posse.
849 1190 898 1248 O
923 1210 1091 1269 quam
1121 1189 1189 1248 de
1213 1191 1462 1270 proximo
1487 1203 1539 1248 te
1565 1185 1859 1266 corrigeres
1878 1238 1892 1263 ,
1921 1192 1965 1250 si
1985 1193 2061 1250 ti-

335 1298 506 1335 meres
549 1277 767 1337 credere
805 1278 956 1359 quod
983 1279 1163 1337 dicere
1198 1280 1427 1337 timuisti
1453 1280 1465 1338 l
1521 1279 1665 1337 Cum
1689 1280 1834 1338 enim
1863 1280 2062 1339 clamet

334 1366 631 1446 Apostolus
667 1389 680 1424 :
715 1367 937 1426 «Corde
969 1368 1211 1426 creditur
1250 1372 1319 1425 ad
1344 1368 1646 1444 justitiam,
1688 1390 1778 1426 ore
1803 1369 2065 1428 confessio

333 1477 362 1505 >³
392 1456 457 1512 fit
479 1455 547 1513 ad
572 1455 835 1514 salutem1
868 1479 882 1513 ε
912 1483 939 1510 ))
969 1458 1012 1514 si
1045 1457 1115 1515 ad
1138 1457 1400 1535 justitiam
1429 1470 1597 1537 putas
1617 1457 1885 1537 pertinere
1915 1457 2066 1538 quod

336 1543 512 1601 credis
534 1591 548 1615 ,
585 1565 686 1602 cur
714 1544 826 1602 hoc
861 1545 929 1603 ad
959 1545 1188 1603 salutem
1220 1546 1383 1603 etiam
1414 1552 1505 1603 ore
1530 1566 1641 1602 non
1671 1545 1980 1604 confiteris?
2008 1545 2068 1604 Si

336 1645 517 1704 autem
544 1631 690 1691 ,duos
720 1631 848 1690 deos
877 1632 1135 1691 colendos
1171 1632 1242 1690 ad
1271 1633 1498 1691 salutem
1527 1654 1638 1690 non
1659 1633 1901 1712 'pertinet
1928 1654 2067 1691 con-

335 1721 479 1778 fiteri
501 1767 515 1792 ,
547 1721 662 1778 sine
691 1719 865 1779 dubio
890 1742 991 1779 nec
1023 1720 1090 1778 ad
1113 1721 1388 1797 justitiam
1415 1720 1653 1801 pertinet
1682 1720 1918 1780 credere.
1955 1721 2066 1793 Qui

333 1831 462 1887 ergo
494 1831 607 1868 non
629 1810 712 1870 vis
742 1810 841 1869 tali
870 1810 1206 1870 confessione
1231 1833 1387 1869 reum
1414 1811 1586 1869 teneri
1607 1832 1665 1870 os
1682 1823 1839 1868 tuum
1857 1858 1872 1883 ,
1901 1832 2068 1891 quare

331 1920 444 1957 non
469 1898 702 1958 mundas
733 1922 762 1957 a
784 1900 881 1958 tali
910 1899 1230 1958 credulitate
1255 1921 1351 1959 cor
1375 1902 1567 1958 tuum?
1613 1900 1759 1957 Tene
1792 1920 1919 1957 cum
1964 1900 2069 1958 Ca-

335 1985 543 2045 tholica
563 1986 730 2045 fidem
751 2001 981 2060 rectam,
1006 2010 1117 2046 non
1128 2002 1181 2047 te
1193 1988 1402 2069 pudeat
1421 1987 1709 2045 emendare
1730 2009 2058 2068 perversam.

337 2075 484 2133 Tene
517 2097 646 2132 cum
685 2076 996 2145 Catholica‚
1029 2077 1250 2135 Patrem
1269 2076 1495 2158 quidem
1517 2098 1628 2134 non
1649 2098 1757 2134 esse
1783 2076 1881 2156 qui
1902 2076 2071 2134 Filius

336 2177 444 2236 est,
474 2177 526 2221 et
554 2163 755 2223 Filium
784 2187 895 2223 non
919 2187 1027 2223 esse
1060 2167 1155 2246 qui
1180 2168 1343 2224 Pater
1365 2179 1475 2234 est;
1504 2179 1556 2223 et
1586 2167 1763 2222 Deum
1805 2186 1913 2223 esse
1955 2166 2072 2223 Pa-

334 2266 504 2324 trem,
534 2254 711 2312 Deum
733 2275 842 2313 esse
868 2253 1067 2314 Filium
1102 2276 1116 2312 ε
1156 2267 1533 2314 verumtamen
1563 2254 1755 2311 ambos
1776 2253 1940 2311 simul
1960 2275 2072 2313 non

338 2341 477 2399 duos
503 2341 633 2400 deos
661 2363 769 2400 esse
792 2390 805 2413 ,
841 2342 935 2401 sed
958 2363 1148 2402 unum.
1184 2344 1295 2401 Isto
1318 2341 1485 2400 modo
1506 2341 1619 2399 solo
1646 2342 1740 2399 fiet
1763 2388 1777 2413 ,
1807 2353 1867 2398 ut
1898 2354 1950 2399 et
1968 2343 2073 2400 Pa-

340 2443 480 2488 trem
503 2431 650 2490 colas
677 2445 731 2489 et
764 2432 966 2490 Filium
986 2479 1000 2504 ‚
1028 2454 1127 2490 nec
1147 2445 1333 2491 tamen
1361 2431 1499 2490 duos
1522 2430 1651 2489 deos
1679 2451 1788 2489 esse
1813 2429 2073 2489 colendos

336 2519 514 2592 dicas,
561 2519 654 2579 sed
699 2541 906 2592 unum,
959 2543 1027 2579 ne
1063 2535 1218 2580 reatu
1263 2520 1562 2602 impietatis
1599 2532 1695 2578 tua·
1742 2519 2074 2578 conscientia

338 2623 766 2690 compungatur,
789 2608 1013 2690 quando
1032 2610 1310 2669 sonuerint
1334 2610 1392 2667 in
1425 2609 1649 2667 auribus
1677 2607 1784 2664 tuis
1811 2606 1958 2665 dicta
1981 2606 2072 2666 di-

335 2697 487 2771 vina,
513 2698 643 2779 quia
672 2698 916 2757 «Nullus
943 2699 1091 2757 Deus
1117 2699 1220 2757 nisi
1244 2718 1385 2757 unus
1412 2720 1425 2754 ε
1450 2723 1475 2750 >>
1498 2709 1552 2755 et
1580 2743 1595 2768 ,
1623 2722 1649 2749 «
1673 2694 1843 2767 Audi,
1876 2694 2068 2768 Israel,

340 2812 368 2840 >2
392 2787 664 2866 Dominus
695 2789 840 2845 Deus
873 2801 996 2846 tuus
1027 2786 1299 2844 Dominus
1329 2805 1471 2843 unus
1500 2784 1615 2842 est²
1647 2806 1661 2841 :
1697 2810 1723 2836 ›>
1772 2796 1824 2841 et
1851 2783 2073 2864 quando

331 2865 497 2933 audis
521 2922 536 2946 ‚
571 2902 597 2927 «
619 2874 919 2934 Dominum
951 2876 1129 2933 Deum
1160 2887 1319 2932 tuum
1351 2872 1604 2931 adorabis
1622 2919 1636 2944 ,
1663 2883 1716 2928 et
1738 2870 1819 2930 illi
1847 2870 1946 2930 soli
1972 2891 2073 2929 ser-

343 2991 370 3018 »
391 2962 537 3023 vies³
558 2988 572 3032 ;
597 2989 622 3016 ›>
651 2984 872 3022 securus
899 2964 1074 3043 possis
1095 3011 1109 3037 ‚
1137 2983 1249 3022 non
1277 2962 1378 3021 soli
1402 2961 1553 3020 Patri
1577 3008 1591 3030 ,
1626 2959 1717 3018 sed
1748 2960 1911 3018 etiam
1936 2959 2073 3019 Filio

339 3074 400 3110 ea
423 3072 547 3131 quae
570 3050 666 3109 uni
696 3051 811 3108 Deo
840 3050 1074 3111 debetur
1102 3052 1358 3111 servitute
1381 3051 1596 3110 servire.
1636 3053 1914 3107 Memento
1946 3068 2072 3124 ergo

339 3155 389 3199 te
412 3161 523 3198 non
541 3137 881 3220 respondisse
913 3139 982 3198 ad
1011 3138 1149 3198 illud
1175 3139 1327 3221 quod
1357 3140 1668 3216 objeceram
1686 3185 1703 3211 ‚
1728 3158 1841 3196 non
1867 3160 1896 3195 a
1915 3136 2072 3196 vobis

342 3228 447 3289 c‘oli
472 3249 641 3287 unum
668 3229 847 3286 Deum
872 3275 886 3299 ,
920 3228 1008 3287 sed
1035 3228 1189 3287 duos,

399 3335 411 3361 ¹
436 3337 559 3374 Rom.
578 3346 617 3382 x,
641 3346 701 3373 10.
722 3353 782 3364 —
800 3329 819 3358 2
846 3346 861 3371 x
884 3334 976 3373 Cor.
1001 3346 1093 3382 vm,
1117 3340 1157 3382 4,
1183 3339 1220 3373 et
1242 3335 1439 3384 Deut.v1‚
1464 3333 1589 3380 4-13.
1613 3353 1666 3362 —
1690 3326 1708 3359 3
1726 3328 1878 3371 Matth.
1901 3343 1954 3380 w,
1979 3343 2041 3370 ιο.
