2144 3808
352 327 427 388 30
866 344 911 388 5.“
963 349 1271 391 Α11011511Ν1
1315 337 1575 395 ΕΡ15001>1

348 451 519 512 pora,
555 435 678 489 ante
711 430 864 502 dies,
907 443 1031 489 ante
1083 454 1290 492 menses
1313 481 1327 506 ,
1381 449 1504 494 ante
1546 459 1747 516 11111105,
1790 428 2083 521 antequam

349 519 656 600 quidquam
687 515 854 591 esset,
895 531 1018 577 ante
1067 519 1307 601 aliquam
1357 525 1834 602 excogitationem,
1882 529 1941 588 in
1988 529 2082 588 illa

349 606 511 666 beata
536 611 731 668 natura
752 609 898 665 Deus
930 620 1091 665 natus
1115 630 1146 666 a
1170 611 1334 668 Patre
1362 625 1457 671 est.
1488 639 1515 666 ))

432 698 496 755 60
527 722 555 750 c<
583 697 650 756 In
676 695 790 754 Deo
818 695 968 753 'enim
1003 697 1412 776 comparatione
1442 701 1608 779 digna
1650 705 1731 763 uti
1753 705 1926 766 decet.
1957 704 2082 766 Hoc

348 807 474 846 sane
493 784 633 843 mihi
660 783 935 864 displicet,
953 795 1006 841 et
1027 782 1187 843 valde
1217 786 1398 844 animo
1426 786 1578 847 dolui
1601 790 1660 848 in
1688 803 1786 850 tua
1816 797 2081 873 prosecu-

348 877 531 934 tione:
559 879 623 933 ut
651 874 798 933 enim
828 873 1062 945 dicereS‚
1090 873 1244 956 quod
1267 872 1437 935 homo
1459 877 1738 939 hominem
1764 892 2010 958 generat,
2029 867 2084 941 'et

350 965 498 1022 canis
527 979 716 1023 canem
746 984 761 1020 ε
794 975 909 1043 tam
933 959 1085 1020 foeda
1113 964 1453 1044 comparatio
1476 964 1536 1024 in
1563 957 1715 1027 illam
1742 980 1951 1046 tantam
1970 971 2081 1029 im—

347 1055 689 1113 mensitatem
717 1050 955 1134 produci
981 1072 1096 1110 non
1118 1052 1331 1112 debuit.
1362 1081 1389 1108 »

436 1156 497 1225 7⁰
543 1169 570 1196 «
616 1138 755 1216 Quis
787 1153 969 1200 autem
1019 1141 1234 1217 ignorat
1276 1141 1427 1222 quod
1465 1144 1612 1203 Deus
1643 1146 1821 1204 Deum
1852 1147 2077 1224 genuit,

349 1231 501 1313 quod
531 1231 802 1291 Dominus
830 1229 1129 1288 Dominum
1163 1231 1384 1306 genuit,
1420 1232 1709 1313 quod‘Rex
1734 1235 1940 1311 Regem
1985 1249 2082 1312 'ge-

349 1320 492 1394 nuit,
513 1319 665 1402 quod
681 1320 907 1379 Creator
926 1313 1239 1379 Creatorem
1259 1321 1476 1396 genuit,
1494 1322 1647 1402 quod
1664 1323 1843 1382 bonus
1871 1321 2083 1382 bonum

347 1411 555 1487 genuit,
579 1409 733 1491 quod
751 1408 964 1489 sapiens
992 1403 1289 1489 sapientem
1310 1411 1519 1485 genuit,
1543 1412 1696 1493 quod
1713 1412 1948 1472 clemens
1977 1413 2083 1473 cle-

344 1512 582 1557 mentem
605 1498 791 1582 genuit
809 1543 825 1569 ,
857 1509 1052 1578 potens
1079 1502 1398 1578 potentem?
1431 1497 1587 1559 Nihil
1621 1501 1888 1560 subtraxit
1918 1503 2082 1561 Pater

344 1587 404 1646 in
434 1582 743 1663 generando
768 1583 987 1644 Filium.
1026 1586 1141 1644 Nec
1171 1585 1317 1644 enim
1345 1586 1566 1647 invidus
1588 1635 1603 1658 ‚
1631 1589 1724 1648 sed
1747 1603 1808 1648 ut
1826 1589 1948 1648 fons
1969 1591 2080 1649 bo-

346 1675 534 1734 nitatis
575 1687 792 1734 tantum
835 1674 1047 1732 bonum
1078 1675 1266 1753 genuit
1295 1696 1309 1732 ε
1342 1678 1499 1751 cujus
1531 1675 1795 1736 bonitatis
1823 1678 1971 1737 testis
2003 1691 2081 1737 est

347 1762 523 1822 omnis
566 1771 815 1822 creatura
835 1809 851 1835 ,
889 1761 1190 1821 secundum
1215 1775 1368 1821 tuam
1403 1763 1575 1844 ipsius
1603 1767 2039 1845 prosecutionem
2058 1815 2073 1840 ,

347 1868 516 1932 quam
548 1851 707 1912 valde
737 1850 936 1924 laudo,
970 1850 1070 1909 ubi
1098 1849 1165 1908 de
1195 1850 1395 1928 divinis
1423 1851 1725 1934 Scripturis
1756 1855 2073 1936 protulisti,

348 1939 583 2000 dicendo
609 1988 624 2014 ,
669 1967 695 1994 «
721 1939 1025 2001 Invisibilia
1053 1939 1198 1999 enim
1230 1944 1346 2016 ejus
1383 1963 1414 2000 a
1436 1954 1684 2002 creatura
1715 1943 1945 2016 mundi,
1977 1966 2079 2025 per

349 2057 376 2086 ι)
405 2051 466 2089 ea
488 2050 615 2112 quae
641 2029 786 2090 facta
808 2043 957 2102 sunt,
990 2029 1265 2089 intellecta
1288 2030 1728 2112 conspiciuntur,
1746 2034 2073 2117 sempiterna

346 2135 369 2173 ’κ
402 2128 622 2202 quoque
641 2119 813 2179 virtus
835 2124 952 2196 ejus
980 2139 1044 2177 ac
1073 2116 1383 2179 divinitas1.
1415 2144 1443 2173 »

428 2208 494 2267 8ο
516 2234 544 2261 «
562 2206 766 2267 Adhuc
791 2220 974 2266 autem
995 2205 1219 2284 adjici0,
1237 2227 1350 2266 non
1369 2208 1644 2268 contraria
1671 2208 1760 2267 his
1785 2230 1912 2291 quae
1935 2209 2075 2269 hene

344 2307 471 2356 s'unt
497 2295 647 2355 dicta
688 2295 905 2368 dicenS,
940 2294 1034 2354 sed
1075 2315 1397 2354 consensum
1431 2296 1852 2356 accommodans
1882 2320 1896 2356 :
1931 2319 2075 2379 quo-

342 2386 491 2446 niam
538 2407 599 2444 ex
640 2383 1016 2462 magnitudine
1055 2384 1493 2465 pulchritudinis
1528 2386 1799 2463 condigne
1847 2387 2076 2446 Creator

342 2476 532 2533 eorum
552 2473 900 2551 cognoscitur
922 2486 1084 2554 atque
1105 2472 1321 2534 colitur.
1346 2474 1420 2532 Ut
1442 2488 1582 2555 puto
1605 2475 1855 2534 dedimus
1876 2474 1946 2534 ad
1971 2476 2074 2534 ista

339 2584 663 2645 responsum
696 2585 710 2620 ε
743 2563 1009 2644 quoniam
1036 2562 1146 2620 hoc
1177 2575 1232 2620 et
1258 2562 1450 2622 beatus
1477 2563 1683 2622 Paulus
1714 2564 1914 2623 iterum
1934 2585 2072 2645 pro—

339 2651 585 2734 sequitur
613 2673 627 2708 :
665 2677 693 2705 <‹
725 2651 1006 2723 Quoniam
1047 2650 1485 2731 chirographum
1511 2652 1664 2731 quod
1701 2664 1816 2709 erat
1845 2665 2071 2711 contra-

340 2767 367 2793 »
395 2739 538 2797 rium
571 2739 761 2812 nobiS‚
807 2739 990 2820 ipsum
1029 2737 1158 2798 tulit
1205 2738 1459 2797 Christus
1496 2738 1564 2796 de
1604 2737 1815 2812 medio,
1854 2739 2071 2817 affigens

343 2853 368 2880 n
393 2825 534 2885 illud
554 2827 708 2885 eruci
728 2874 742 2899 ,
769 2840 823 2885 et
846 2846 1046 2885 exuens·
1070 2844 1124 2885 se
1150 2847 1398 2897 carnem,
1434 2828 1735 2885 Potestates
1761 2840 1815 2885 et
1848 2828 2069 2888 Princi-

342 2918 371 2970 Ξ)
396 2928 560 2996 patus
579 2914 884 2974 transduxit
913 2913 1241 2973 fiducialiter
1257 2960 1273 2987 ,
1308 2914 1657 2995 triumphans
1686 2937 1775 2974 eos
1789 2915 1847 2974 in
1871 2930 2069 2975 semet-

342 3029 369 3058 »
397 3005 518 3085 ipso
544 3006 588 3062 ².
641 3029 668 3056 >2
718 3007 974 3061 Attamen
1016 3015 1069 3060 et
1107 3003 1249 3062 sicut
1290 3002 1458 3061 homo
1501 3003 1598 3084 qui
1635 3003 2068 3076 exercitationem

341 3091 653 3152 liberalium
670 3090 973 3150 litterarum
991 3091 1079 3152 vel
1099 3092 1390 3151 rhetoricae
1418 3094 1547 3151 artis
1561 3114 1673 3151 non
1698 3093 1803 3151 feci
1821 3138 1835 3162 ‚
1855 3093 1898 3150 si
1915 3083 2068 3173 quod

342 3182 536 3244 vitium
563 3179 806 3239 fecissem
825 3180 883 3239 in
913 3201 1157 3239 sermone
1174 3227 1189 3253 ‚
1217 3181 1287 3241 ad
1316 3203 1531 3241 sensum
1552 3182 1819 3263 respicere
1847 3181 2064 3242 debuis-

396 3292 411 3323 1
434 3294 555 3332 Rom.
576 3302 606 3341 1,
629 3302 696 3332 20.
714 3312 768 3322 —
788 3287 809 3317 ‘²
830 3289 983 3334 Coloss.
1008 3303 1056 3341 11,
1079 3297 1148 3337 14.
