2144 3808
617 349 689 389 DE
730 346 1050 400 Tamiram,
1099 350 1209 391 mn.
1260 353 1314 392 Χ.
1712 340 1830 410 433

80 433 153 491 ⁴si
185 443 384 512 potest,
418 443 631 510 quaerat
659 452 719 488 ac
751 429 916 488 dicat.
954 429 1119 501 Quod
1145 430 1279 488 dum
1310 435 1529 512 quaerit,
1564 437 1752 519 utique
1774 441 1833 499 in

109 519 290 578 studio
336 517 554 588 dicendi
601 531 700 588 est,
754 531 808 576 et
844 517 1060 578 videtur
1107 539 1284 576 amare
1322 540 1436 578 rem
1469 522 1826 600 incognitam,

110 607 261 689 quod
291 629 398 664 non
435 607 511 664 ita
541 620 635 666 est.
674 607 892 687 Species
927 627 1162 685 namque
1209 607 1302 666 illa
1336 611 1510 685 tangit
1550 613 1827 686 animum,

108 717 276 776 quam
303 694 455 753 novit
475 708 527 752 et
557 695 779 771 cogitat,
813 695 871 753 in
897 715 1007 775 qua
1046 693 1222 752 elucet
1246 694 1409 754 decus
1432 701 1833 759 consociando-

108 804 229 842 rum
258 784 567 842 animorum
588 784 647 840 in
668 783 899 842 vocibus
919 781 1061 840 notis
1093 781 1375 845 audiendis
1400 798 1562 865 atque
1597 787 1835 847 redden-

109 870 227 929 dis:
257 892 426 950 eaque
463 869 710 928 accendit
740 869 920 928 studio
947 883 1281 950 quaerentem
1311 872 1535 949 quidem
1564 876 1716 954 quod
1743 877 1833 952 ig-

107 972 287 1029 norat,
324 958 418 1016 sed
445 971 630 1016 notam
652 956 908 1029 formam,
955 979 1066 1038 quo
1094 957 1153 1015 id
1180 959 1480 1037 pertineat,
1532 962 1834 1021 intuentem

109 1060 162 1104 et
191 1059 482 1104 amantem.
524 1048 717 1126 ltaque
755 1045 799 1103 si
825 1045 1115 1124 quaerenti,
1155 1046 1306 1104 verbi
1348 1047 1550 1122 gratia,
1595 1049 1732 1129 quid
1769 1051 1839 1108 sit

109 1147 393 1204 temetum,
432 1133 580 1213 (hoc
602 1133 746 1190 enim
771 1132 999 1212 exempli
1029 1154 1189 1190 causa
1211 1154 1499 1212 posueram
1518 1145 1568 1214 ),
1595 1137 1834 1210 dicatur,

111 1221 263 1295 Quid
294 1222 364 1280 ad
392 1235 443 1279 te
479 1221 757 1302 pertinet?
791 1220 1174 1300 respondebit,
1226 1222 1304 1278 Ne
1332 1221 1471 1280 forte
1501 1223 1719 1282 audiam
1750 1225 1839 1282 lo-

110 1323 389 1390 quentem,
420 1323 473 1367 et
500 1330 613 1367 non
644 1307 979 1384 intelligam3
1014 1320 1108 1365 aut
1133 1308 1347 1387 uspiam
1379 1307 1519 1367 forte
1550 1311 1606 1368 id
1637 1311 1835 1387 legam,

110 1411 163 1456 et
191 1397 328 1478 quid
348 1398 583 1477 scriptor
607 1397 848 1467 senserit,
875 1396 1132 1456 nesciam.
1181 1397 1318 1466 Quis
1348 1397 1564 1455 tandem
1598 1399 1730 1457 huic
1755 1400 1840 1457 di-

112 1499 220 1556 cat,
257 1486 381 1544 Noli
405 1484 702 1560 intelligere
723 1483 874 1564 quod
920 1483 1097 1554 audis,
1152 1483 1264 1540 noli
1301 1506 1452 1542 nosse
1485 1486 1635 1564 quod
1677 1487 1840 1562 legis?

113 1573 390 1631 Omnibus
418 1573 561 1630 enim
585 1571 692 1628 fere
711 1572 906 1628 animis
926 1570 1286 1627 rationalibus
1305 1572 1361 1628 in
1377 1586 1644 1652 promptu
1673 1587 1749 1630 est
1769 1574 1840 1631 ad

112 1661 412 1720 videndum
439 1659 607 1736 hujus
638 1658 849 1739 peritiae
874 1657 1257 1738 pulchritudO,
1294 1679 1403 1737 qua
1422 1660 1713 1717 hominum
1742 1662 1836 1718 in-

112 1764 194 1808 ter
218 1772 271 1808 se
313 1750 572 1825 cogitata,
611 1747 1034 1822 significantium
1069 1769 1264 1805 vocum
1313 1748 1684 1806 enuntiatione
1713 1771 1843 1806 nos-

108 1851 343 1896 cuntur:
398 1850 624 1918 propter
651 1835 762 1892 hoc
795 1847 988 1891 notum
1036 1834 1222 1906 decuS,
1262 1848 1314 1906 et
1357 1835 1430 1892 ob
1459 1836 1568 1893 hoc
1598 1850 1840 1894 amatum

108 1926 239 2006 quia
268 1940 484 1996 notum,
535 1923 775 1982 studiose
805 1922 1073 2002 quaeritur
1115 1923 1351 1995 >verbum
1381 1923 1519 1980 illud
1560 1924 1831 1998 ignotum.

107 2015 303 2094 ltaque
322 2035 450 2072 cum
480 2011 714 2070 audierit
745 2022 908 2090 atque
950 2010 1263 2086 cognoverit
1295 2022 1558 2067 temetum
1588 2032 1616 2068 a
1638 2012 1839 2069 veteri-

104 2100 210 2158 bus
233 2101 422 2160 vinum
448 2097 822 2180 appellatum,
863 2096 955 2154 sed
987 2101 1105 2172 jam
1143 2118 1203 2153 ex
1245 2117 1345 2154 usu
1385 2095 1649 2175 loquendi
1670 2119 1833 2176 quem

51 2195 54 2200 '
106 2209 256 2247 nunc
277 2188 567 2258 habemUS,
600 2188 708 2244 hoc
735 2184 1070 2243 vocabulum
1086 2196 1418 2253 emortuum,
1440 2197 1669 2263 propter
1687 2207 1834 2243 non-

104 2277 284 2335 nullos
309 2277 532 2335 fortasse
561 2289 806 2336 veterum
818 2271 987 2330 libros
1003 2272 1109 2329 sibi
1130 2271 1490 2328 necessarium
1512 2271 1821 2351 deputabit.

108 2365 167 2422 Si
201 2378 378 2423 autem
397 2378 450 2422 et
470 2363 590 2421 illos
621 2381 1046 2441 supervacaneos
1070 2359 1262 2430 habet,
1295 2359 1434 2417 forte
1454 2363 1570 2434 jam
1599 2382 1698 2418 nec
1714 2360 1832 2436 dig-

104 2474 239 2511 num
260 2452 410 2533 quod
434 2450 711 2509 memor'iae
744 2447 1088 2507 commendet
1108 2447 1394 2517 existimat,
1430 2447 1560 2526 quia
1585 2447 1734 2506 videt
1757 2449 1827 2506 ad

103 2540 252 2599 illam
286 2539 523 2620 speciem
544 2536 811 2595 doctrinae
835 2547 1230 2618 quam-notam
1271 2547 1452 2592 mente
1481 2535 1726 2594 intuetur
1749 2549 1829 2593 at-

103 2651 211 2709 que
229 2641 396 2698 amat,
429 2627 652 2684 minime
669 2626 954 2706 pertinere.

186 2721 292 2779 ΙΙΙ.
331 2717 709 2791 Quamobrem
740 2716 912 2774 omnis
943 2737 1095 2774 amor
1109 2714 1373 2773 studentis
1398 2714 1587 2782 animi,
1614 2714 1726 2772 hoc
1749 2728 1826 2772 est

102 2807 333 2868 volentis
361 2806 516 2876 scire,
550 2803 700 2886 quod
748 2804 941 2876 nescit,
972 2824 1083 2860 non
1111 2816 1190 2860 est
1227 2822 1380 2860 amor
1406 2804 1521 2875 ejus
1552 2800 1629 2857 rei
1659 2822 1826 2880 quam

102 2895 296 2965 nescit,
322 2892 413 2951 sed
432 2897 546 2968 ejus
566 2912 733 2971 quam
765 2891 887 2961 scit,
923 2904 1151 2970 propter
1182 2910 1351 2970 quam
1374 2887 1494 2946 vult
1515 2889 1649 2945 scire
1675 2889 1829 2968 quod

103 2984 288 3042 nescit.
334 2985 446 3041 Aut
482 2982 525 3038 si
553 2994 664 3038 tam
688 2982 933 3039 curiosus
961 2993 1060 3050 est,
1098 2992 1162 3036 ut
1200 3000 1309 3036 non
1353 2989 1581 3057 propter
1609 2997 1830 3036 causam

104 3071 265 3128 aliam
296 3083 503 3140 notam,
537 3068 630 3126 sed
662 3067 774 3125 solo
799 3087 980 3124 amore
1002 3067 1249 3146 rapiatur
1282 3064 1558 3140 incognita
1586 3063 1825 3122 sciendi·
1812 3090 1827 3133 ;

102 3156 487 3217 discernendus
500 3155 725 3237 quidem
754 3168 834 3222 est
857 3155 927 3212 ab
950 3154 1177 3213 studiosi
1192 3153 1412 3211 nomine
1439 3152 1537 3210 iste
1559 3152 1826 3221 curiosuS‚

89 3247 195 3305 sed
211 3268 311 3306 nec
325 3246 442 3326 ipse
462 3258 609 3303 amat
621 3242 898 3320 incognita
908 3289 923 3316 ,
942 3255 1056 3308 imo
1069 3241 1459 3319 congruentius
1473 3226 1700 3310 dicitur,
1718 3239 1838 3298 odit

330 3326 1687 3395 cxxxv11.28
