2144 3808
566 234 572 238 ·
642 237 712 276 nr,
756 236 1074 289 rammi-n,
1121 239 1232 277 Lm.
1287 240 1371 279 ιιι.
1759 222 1872 305 '2537

159 315 526 375 immolandus
563 318 708 378 filius
748 324 862 394 ejus
899 320 1330 399 praeciperetur:
1376 345 1404 373 rc
1440 322 1512 380 Et
1552 323 1757 383 factum
1797 339 1882 385 est·

159 429 188 458 »
210 405 480 484 posthaec
505 406 702 480 verba,
743 406 972 465 tentavit
1009 406 1156 464 Deus
1195 405 1508 480 Abraham,
1550 424 1603 469 et
1640 412 1775 472 dixit
1804 413 1876 472 ad

157 519 185 548 ))
209 516 335 553 eum
366 517 380 553 ε
417 494 721 568 Abraham,
748 495 1046 556 Abraham.
1080 497 1150 554 Et
1168 495 1260 553 ille
1283 494 1418 554 dixit
1445 517 1460 555 ε
1489 499 1631 559 Ε666
1657 522 1773 578 ego,
1806 502 1877 561 Et

142 607 183 636 ·>›
205 582 339 641 dixit
359 582 407 641 ei
435 604 450 640 ε
490 582 695 664 Accipe
733 581 910 642 filium
940 597 1099 643 tuum
1129 582 1392 642 dilectum
1412 630 1428 654 ‚
1464 606 1628 666 quem
1661 588 1873 664 diligis,

148 696 177 724 >2
200 671 378 742 Isaac,
403 684 457 730 et
483 671 621 732 vade
651 672 710 732 in
739 685 938 732 terram
977 670 1271 744 excelsam,
1303 685 1358 730 et
1396 674 1531 732 offer
1557 697 1681 734 eum
1712 677 1796 735 ibi
1817 677 1878 736 in

149 785 176 814 ›>
199 758 579 820 holocaustum
606 782 770 842 super
799 782 969 819 unum
997 760 1268 818 montium
1301 782 1465 841 quem
1487 763 1594 821 tibi
1619 764 1821 826 dixero,
1850 791 1878 820 »

152 851 312 910 Certe
332 851 428 910 hic
450 854 596 912 Deus
612 898 628 924 ,
653 873 766 911 non
793 851 1052 928 AngeluS,
1081 867 1537 912 commemoratus
1559 868 1639 913 est
1669 878 1684 913 ε
1707 856 1879 937 paulo

148 953 273 1020 post
315 961 443 999 vero
478 942 555 1000 ita
599 963 653 999 se
691 942 863 1000 habet
904 942 1195 1022 Scriptura
1227 963 1242 999 ε
1285 969 1312 995 «
1340 943 1649 1003 Extendens
1696 959 1878 1004 autem

148 1054 177 1083 >2
201 1029 483 1088 Abraham
514 1051 742 1090 manum
767 1053 919 1090 suam
939 1076 955 1100 ‚
982 1031 1214 1112 sumpsit
1236 1030 1477 1107 gladium
1497 1079 1512 1104 ,
1539 1033 1787 1093 occidere
1814 1035 1878 1092 fi-

148 1143 176 1172 »
202 1115 337 1177 lium
366 1139 524 1177 suum
554 1142 569 1177 ε
604 1133 658 1178 et
685 1121 902 1180 vocavit
929 1141 1051 1180 eum
1083 1119 1318 1197 Angelus
1347 1122 1569 1180 Domini
1603 1122 1672 1181 de
1695 1123 1872 1191 coele,

148 1232 175 1260 ))
198 1219 250 1266 et
277 1206 411 1266 dixit
439 1209 487 1266 ei
519 1230 534 1266 ε
571 1208 854 1267 Abraham
876 1255 893 1282 ‚
936 1208 1238 1268 Abraham.
1275 1209 1344 1267 Et
1367 1208 1505 1268 dixit
1537 1231 1553 1269 ε
1583 1213 1727 1270 Ε666
1752 1232 1875 1289 ego,

147 1321 176 1349 »
202 1296 271 1353 Et
297 1296 431 1354 dixit
457 1318 472 1355 z
510 1298 591 1354 Ne
617 1297 828 1373 injicias
856 1318 1080 1355 manum
1109 1310 1256 1355 tuam
1289 1318 1453 1377 super
1480 1320 1713 1379 puerum
1734 1346 1750 1372 ‚
1776 1321 1904 1358 rie-2

148 1408 177 1436 »
199 1403 307 1463 que
332 1383 500 1442 facias
527 1384 575 1442 ei
595 1384 900 1466 quidquam
916 1384 958 1445 1.
993 1411 1020 1438 >³
1053 1385 1205 1456 Quid
1236 1384 1306 1443 ad
1334 1386 1445 1444 hoc
1477 1388 1880 1468 respondetur?

150 1492 220 1529 an
242 1471 444 1531 dicturi
459 1486 586 1531 sunt
612 1473 1018 1553 Deumjussisse
1043 1486 1106 1531 ut
1130 1472 1474 1533 occideretur
1498 1477 1670 1548 lsaac,
1693 1489 1748 1535 et
1768 1479 1880 1536 An·

148 1559 326 1636 gelum
359 1561 741 1642 prohibuisse;
776 1583 944 1642 porro
982 1562 1165 1642 ipsum
1205 1576 1418 1642 patrem
1460 1563 1746 1623 adversum
1779 1564 1881 1624 Dei

146 1665 515 1732 praeceptum,
542 1651 639 1731 qui
656 1655 888 1727 jusserat
911 1664 973 1709 ut
1000 1651 1308 1723 occideret,
1333 1653 1732 1734 obtemperasse
1758 1657 1879 1714 An·-

148 1737 267 1813 gelo
287 1753 350 1798 ut
367 1743 653 1820 parceret?
674 1738 972 1797 Ridendus
1001 1752 1054 1797 et
1079 1739 1421 1815 abjiciendus
1450 1741 1545 1799 hic
1568 1763 1752 1801 sensus
1774 1756 1871 1803 est.

149 1827 256 1886 Sed
278 1849 451 1909 neque
476 1827 608 1886 huic
630 1838 738 1885 tam
761 1848 938 1886 crasso
959 1840 1013 1885 et
1042 1828 1258 1903 abjecto
1281 1827 1455 1887 ullum
1474 1829 1660 1888 locum
1692 1830 1878 1912 Scrip-

147 1927 272 1975 tura
299 1938 409 1975 esse
445 1916 750 1998 permittit,
780 1915 1042 1974 continuo
1074 1917 1454 1993 subjungens:
1488 1943 1515 1971 c<
1547 1918 1708 1977 Nunc
1732 1921 1879 1977 enim

148 2030 176 2060 »
200 2006 428 2082 cognovi
449 2006 580 2086 quia
607 2005 765 2064 times
793 2005 969 2063 Deum
993 2018 1054 2063 tu
1071 2048 1085 2076 ‚
1113 2017 1166 2063 et
1191 2026 1304 2064 non
1326 2007 1621 2087 pepercisti
1642 2007 1758 2066 filio
1782 2021 1878 2067 tuo

149 2120 177 2148 »
200 2093 400 2154 dilecto
438 2107 666 2175 propter
701 2114 805 2153 me.
836 2120 864 2146 >›
905 2092 1058 2165 Quid
1099 2107 1208 2165 est,
1243 2120 1271 2148 c<
1297 2095 1531 2174 Propter
1566 2117 1689 2165 me;
1715 2123 1742 2149 »
1776 2096 1879 2154 nisi

146 2195 377 2264 propter
416 2203 542 2242 eum
590 2181 687 2262 qui
742 2181 922 2241 occidi
973 2185 1244 2257 jusserat?
1302 2181 1458 2239 Idem
1514 2182 1680 2259 igitur
1728 2187 1879 2242 Deus

149 2271 393 2330 Abrahae
414 2271 514 2353 qui
535 2269 770 2346 Angelus
787 2316 803 2342 ‚
828 2293 898 2329 an
922 2269 1107 2350 potius
1131 2291 1232 2351 per
1253 2269 1732 2346 AngelumDeusP
1763 2272 1881 2334 Ac-.

149 2360 273 2440 cipe
295 2360 572 2440 sequentia
599 2380 616 2416 ι
649 2372 793 2417 certe
820 2363 937 2435 jam
960 2358 1055 2416 hic
1073 2358 1310 2435 Angelus
1338 2359 1769 2418 manifestissime
1791 2381 1877 2419 ex-

147 2469 363 2529 pressus
383 2461 462 2506 est
483 2473 498 2517 ;
525 2446 742 2508 attende
763 2461 943 2505 tamen
967 2446 1105 2526 quid
1125 2459 1442 2505 contexatur
1469 2469 1483 2505 ε
1508 2473 1536 2502 α
1560 2447 1880 2529 Respiciens

149 2562 178 2590 »
203 2536 483 2597 Abraham
511 2535 683 2594 oculis
701 2536 810 2594 suis
831 2534 1011 2607 vidit,
1033 2548 1089 2615 et
1108 2556 1235 2594 ecce
1259 2534 1396 2602 aries
1421 2556 1563 2593 unus
1591 2537 1880 2594 tenebatur

149 2651 177 2679 »
199 2625 258 2684 in
293 2626 487 2684 arbore
511 2625 714 2683 sabech
751 2624 1013 2683 cornibus
1037 2670 1051 2695 ‚
1089 2636 1144 2681 et
1175 2623 1313 2681 abiit
1349 2623 1633 2681 Abraham
1656 2669 1672 2696 ,
1704 2637 1757 2682 et
1779 2645 1876 2683 ac·
1920 2639 1925 2650 ‘

149 2714 349 2794 »cepit
384 2715 636 2785 arietem,
682 2726 737 2771 et
764 2711 970 2771 obtulit
1003 2731 1129 2769 eum
1171 2710 1555 2769 holocaustum
1595 2729 1698 2791 pro
1728 2711 1878 2771 Isaac

150 2828 179 2857 >2
201 2802 314 2861 filio
341 2822 458 2862 suo,
505 2804 575 2860 Et
602 2800 1009 2880 cognominavit
1035 2799 1318 2859 Abraham
1343 2821 1542 2857 nomen
1569 2799 1683 2858 loci·
1700 2799 1869 2872 illius,

150 2918 179 2947 ›>
203 2890 664 2963 Dominus-vidit,
701 2903 763 2949 ut
788 2890 978 2948 dicant
1007 2887 1172 2947 hodie
1196 2887 1348 2969 quod
1376 2887 1435 2946 in
1462 2900 1648 2946 monte
1679 2890 1877 2948 Domi-

154 3006 182 3034 >2
201 3000 305 3039 nus
333 2979 479 3038 visus
504 2991 623 3038 est:
654 3005 680 3032 n
715 2979 859 3038 sicut
887 2977 1055 3058 paulo
1089 2990 1212 3035 ante
1247 2975 1402 3059 quod
1441 2975 1577 3034 dixit
1603 2977 1748 3034 Deus
1778 2999 1877 3058 per

155 3068 423 3145 Angelum
447 3089 462 3125 ε
487 3067 567 3124 «N
578 3088 692 3125 unc
719 3067 867 3125 enim
890 3067 1129 3146 cognovi
1150 3067 1283 3148 quia
1303 3065 1458 3124 times
1483 3066 1695 3135 Deum;
1716 3091 1743 3120 >2
1763 3088 1875 3126 non

215 3174 231 3204 ¹
256 3176 361 3218 Gen.
385 3186 492 3224 xxix,
517 3185 633 3217 1-10.
