2144 3808
321 319 430 388 140
844 339 886 375 s.
943 335 1250 375 Aueus‘rlm
1296 334 1550 375 Ertscom

312 418 494 476 minus
518 431 597 477 θεῖ
624 418 814 500 templi
847 418 927 477 sui
959 440 972 476 ε
1001 419 1122 499 quis
1149 419 1291 477 enim
1314 419 1425 477 hoc
1445 433 1630 496 neget,
1657 418 1780 501 quis
1799 419 1875 478 ita
1898 418 2048 478 desi-

310 507 429 587 piat
451 553 465 577 ,
500 520 563 565 ut
590 507 740 566 dicat
782 529 891 566 non
930 529 1038 565 esse
1074 508 1310 588 aliquem
1351 508 1634 567 dominum
1666 508 1860 566 domus
1892 512 2046 566 suae‘?

313 595 611 667 Quomodo
651 595 776 671 ergo
816 596 1054 675 Spiritus
1085 610 1302 654 sanctus
1335 619 1446 654 non
1486 611 1564 655 est
1613 598 1914 669 DominUS‚
1950 596 2050 676 qui

313 684 582 742 Dominus
610 697 689 741 est
717 684 1092 743 membrorum
1124 685 1388 751 Domini?
1418 686 1544 764 Ipse
1571 698 1649 743 θεῖ
1674 686 1884 766 quippe
1915 684 2052 765 Spi-

313 771 451 829 ritus
488 772 746 842 Domini,
789 772 856 831 de
889 794 1000 853 quo
1040 794 1150 831 uno
1191 771 1490 854 eodemque
1524 772 1647 831 loco
1691 771 1906 833 dictum
1937 785 2047 830 est:

314 888 341 915 α
374 859 517 919 Cum
560 875 743 920 autem
774 884 1065 922 conversus
1099 863 1264 922 fuerit
1294 863 1361 921 ad
1407 863 1736 933 Dominum,
1779 860 2054 920 auferetur

317 975 344 1004 >³
372 949 634 1010 velamen.
669 952 938 1010 Dominus
960 965 1140 1010 autem
1166 952 1405 1032 Spiritus
1428 965 1507 1010 est
1531 998 1545 1022 ‚
1580 951 1681 1009 ubi
1705 963 1884 1009 autem
1917 948 2052 1030 Spi-

319 1065 347 1092 »
377 1038 513 1097 ritus
537 1038 794 1111 Domini5
829 1039 911 1097 ibi
939 1039 1159 1098 libertas
1179 1039 1221 1100 1.
1256 1068 1282 1093 >³

403 1128 462 1186 3⁰
488 1129 522 1185 J
527 1149 612 1184 am
633 1141 927 1186 creatorem
949 1129 1196 1209 superius
1214 1128 1580 1187 demonstravi
1604 1127 1874 1208 Spiritum
1899 1147 2054 1184 sanc-

319 1228 438 1273 tum
472 1238 486 1273 ε
529 1216 812 1297 quomodo
842 1230 1023 1276 autem
1060 1241 1149 1276 rex
1183 1240 1296 1276 non
1329 1231 1442 1289 est,
1477 1221 1636 1291 cujus
1672 1214 1941 1296 templum
1976 1227 2056 1272 est

318 1325 447 1385 quae
475 1306 722 1364 membra
746 1319 875 1365 sunt
897 1307 1067 1382 regis'.»>
1092 1307 1387 1379 Quomodo
1407 1327 1519 1364 non
1547 1304 1803 1364 consedet
1829 1302 1983 1362 Patri
2006 1315 2060 1360 et

322 1393 460 1451 Filio
483 1440 498 1464 ‚
522 1394 621 1474 qui
652 1394 885 1474 replevit
910 1395 1112 1453 Filium
1134 1442 1148 1464 ,
1174 1396 1269 1477 qui
1293 1395 1542 1453 membra
1569 1393 1692 1451 Filii
1717 1413 1869 1450 suam
1890 1391 2059 1472 possi-

325 1480 419 1538 det
444 1480 671 1540 domum
691 1485 713 1539 Ξ)
745 1482 858 1541 Nisi
888 1481 1028 1540 forte
1051 1483 1277 1564 quando
1301 1482 1470 1541 Filius
1490 1502 1756 1558 regressus
1779 1493 1858 1539 θεῖ
1881 1502 1911 1538 a
1929 1479 2063 1538 Jor-

326 1568 466 1627 dane
484 1616 498 1639 ‚
522 1569 720 1650 plenus
745 1585 860 1628 erat
887 1571 1099 1651 Spiritu
1123 1584 1310 1629 sancto
1331 1596 1346 1638 3
1371 1583 1424 1628 et
1444 1568 1667 1651 quando
1689 1567 1870 1627 sedere
1887 1566 2062 1648 coepit

326 1657 395 1716 ad
440 1658 718 1717 dexteram
757 1659 936 1717 Patris
959 1706 973 1731 ‚
1028 1659 1251 1718 exclusit
1291 1682 1322 1717 a
1361 1681 1414 1717 se
1459 1658 1727 1739 Spiritum
1773 1659 2061 1715 sanctum?

323 1745 537 1804 Deinde
558 1767 686 1804 cum
710 1747 778 1805 de
803 1747 965 1805 Patre
989 1746 1253 1828 procedat
1274 1794 1287 1817 ‚
1311 1745 1592 1828 quomodo
1614 1738 1743 1804 cum
1768 1746 1929 1803 Patre
1951 1764 2061 1802 non
2124 1738 2134 1747 ⁵

324 1831 542 1893 sedeat?
563 1835 716 1894 'Cum
747 1837 866 1917 ipsa
898 1837 1058 1895 sessio
1092 1859 1203 1895 non
1234 1837 1301 1895 sit
1329 1837 1516 1918 utique
1544 1833 1833 1911 cogitanda
1864 1855 2064 1892 carna—

322 1922 449 1982 liter
479 1947 492 1982 :
521 1923 767 2005 alioquin
797 1925 1076 2006 opinaturi
1120 1948 1307 1984 sumus
1343 1923 1727 1984 honorabilius
1751 1922 1951 1980 Filium
1977 1942 2063 1978 εθ-

326 2011 453 2071 dere
477 2034 645 2094 quam
673 2015 893 2072 Patrem
924 2036 938 2072 ε
968 2014 1350 2072 honorabilius
1373 2014 1583 2095 quippe
1605 2011 1820 2097 sedetur
1848 2009 1917 2068 ad
1944 2008 2067 2067 dex-

268 2166 270 2168 ,
324 2113 496 2161 teram
526 2124 540 2158 ι
573 2115 627 2159 θῖ
648 2101 933 2161 videbitur
962 2125 1070 2161 esse
1095 2123 1428 2182 consequens
1447 2148 1462 2173 ,
1498 2114 1560 2159 ut
1590 2100 1752 2158 Pater
1787 2098 1968 2156 sedeat
1995 2096 2065 2155 ad

324 2189 618 2250 sinistram.
657 2195 937 2249 Postremo
969 2190 1146 2271 qualis
1175 2190 1331 2248 vobis
1351 2189 1679 2270 persuaserit
1701 2187 1924 2268 spiritus
1947 2232 1962 2247 .
2004 2198 2067 2244 ut

327 2293 514 2337 sancto
541 2279 777 2361 Spiritui
801 2279 1102 2356 denegetis,
1133 2279 1286 2361 quod
1308 2279 1509 2337 sanctis
1536 2277 1860 2336 hominibus
1880 2289 2066 2333 sancta

331 2368 619 2448 Scriptura
650 2369 937 2441 concedit,
969 2390 1065 2429 vos
1093 2368 1357 2428 videritis,
1410 2367 1502 2426 Ait
1529 2367 1673 2424 enim
1719 2362 2013 2446 Apostolus
2046 2384 2061 2420 z

332 2483 358 2510 «
402 2458 544 2516 Cum
603 2478 837 2516 essemus
895 2457 1103 2515 mortui
1159 2456 1399 2538 peccatis
1425 2502 1439 2527 ,
1505 2452 1913 2513 convivificavit
1969 2472 2068 2510 nos

328 2573 356 2602 »
380 2547 604 2606 Christo
621 2594 635 2618 ‚
662 2550 821 2622 cujus
849 2547 1022 2623 gratia
1047 2567 1235 2604 sumus
1259 2545 1393 2604 salvi
1416 2544 1548 2603 facti
1568 2590 1583 2614 ,
1611 2555 1665 2600 θῖ
1690 2540 1854 2599 simul
1877 2540 2070 2598 excita-

331 2663 358 2690 »
382 2635 463 2695 vit
478 2682 492 2706 ,
517 2648 570 2693 θῖ
587 2634 750 2693 simul
771 2634 953 2693 sedere
969 2634 1100 2693 fecit
1115 2635 1174 2692 in
1190 2632 1504 2692 coelestibus
1523 2632 1581 2690 in
1600 2628 1824 2688 Christo
1845 2628 1876 2685 J
1882 2628 2068 2688 esu2.»

332 2724 525 2793 Sancti
545 2745 672 2800 ergo
704 2743 844 2804 quos
875 2722 1183 2782 sanctificat
1214 2720 1454 2801 Spiritus
1489 2732 1708 2777 sanctus
1730 2764 1744 2785 ‚
1777 2715 2070 2776 convivifi-

331 2812 442 2869 cati
471 2811 696 2869 Christo
718 2857 732 2882 ‚
765 2812 841 2870 ita
869 2809 1032 2870 s'imul
1061 2811 1253 2868 sessuri
1275 2808 1651 2889 praedestinati
1680 2818 1843 2876 sunt,
1877 2816 1938 2863 ut
1951 2809 2069 2881 jam

331 2899 539 2959 factum
568 2900 718 2959 dicat
749 2899 1045 2981 Apostolus
1065 2946 1079 2970 ‚
1107 2897 1260 2980 quod
1285 2910 1496 2956 certum
1517 2909 1596 2955 est
1623 2894 1944 2954 adfuturum
1973 2914 1986 2950 :
2017 2905 2069 2951 et

331 2989 440 3069 ipsi
470 2989 702 3068 Spiritui
744 3001 933 3046 sancto
973 2986 1322 3045 subtrahitur
1352 3008 1381 3043 a
1409 2985 1565 3044 vobis
1593 2983 1836 3065 quisquis
1875 2993 1952 3039 est
1979 2979 2090 3067 ille,

332 3097 608 3134 consessus
633 3122 648 3148 ‚
682 3088 943 3156 tanquam
971 3074 1153 3133 sedere
1180 3095 1310 3132 cum
1339 3076 1501 3132 Patre
1525 3068 1615 3131 vel'
1637 3071 1773 3130 Filio
1797 3069 1865 3128 sit
1892 3067 2069 3144 indig-

331 3186 466 3239 nuS,
503 3165 603 3247 qui
637 3162 826 3223 eadem
871 3163 995 3223 sede
1042 3163 1206 3223 efficit
1238 3163 1448 3242 dignos
1494 3161 1599 3223 Cui
1639 3159 1866 3222 movetis
1901 3156 2068 3217 etiam

396 3270 457 3310 ί·
487 3271 581 3313 Cor.
610 3284 677 3323 tu,
706 3272 769 3313 16,
792 3292 849 3302 --
873 3268 1057 3326 ‘²Ephes.
1080 3284 1129 3321 n,
1153 3271 1196 3313 5.
