2144 3808
105 457 227 585 S.
294 455 715 583 AUR.
803 452 1822 582 AUGUSTINI

567 712 1015 766 HIPPONENSIS
1059 711 1362 764 EPISCOPI

433 915 630 1020 DE
705 915 1471 1021 TRINITATE

671 1172 822 1214 unm
868 1171 1187 1222 Qummzcm
1209 1151 1257 1213 1.

100 1346 551 1372 §mmmm
557 1349 650 1370 W
658 1348 1175 1371 ΜΜΜΜΜΜΜΜΝ
1182 1347 1402 1370 mwxmvu
1410 1349 1462 1370 Μ
1468 1349 1521 1371 §22
1527 1348 1635 1371 §Um
1641 1349 1692 1370 Μ
1698 1350 1752 1371 Μ
1759 1347 1816 1368 Μ

777 1483 1002 1543 LIBER
1050 1484 1075 1541 l
1098 1483 1139 1544 ³².

104 1656 176 1713 In
200 1677 303 1731 quo
320 1656 625 1713 secundum
657 1655 986 1727 Scripturas
1009 1674 1198 1710 sacras
1222 1657 1529 1711 ostenditur
1559 1658 1746 1710 unicas
1777 1669 1827 1709 et

177 1740 465 1810 aequalitas
487 1757 716 1793 summoe
746 1737 1048 1792 Trinitatis
1066 1779 1080 1799 ,
1109 1752 1160 1791 et
1193 1739 1447 1808 quoedam
1473 1739 1588 1793 loca
1635 1748 1831 1791 eontra

180 1821 326 1876 Filii
345 1820 721 1890 aequalitatem
751 1820 927 1873 allata
948 1820 1261 1875 diluuntur.

195 1990 242 2049 I.
295 1987 629 2048 Lucrunns³
647 1988 775 2048 haec
788 2009 913 2069 quae
934 1987 1002 2046 de
1025 1989 1291 2047 Trinitate
1312 1987 1621 2048 disserimus
1639 2035 1654 2060 ,
1678 1988 1833 2070 prius

110 2091 327 2161 oportet
347 2091 410 2137 ut
434 2078 684 2150 noverit,
712 2078 916 2159 stylum
945 2091 1193 2137 nostrum
1217 2077 1471 2137 adversus
1494 2099 1682 2136 eorum
1703 2077 1837 2154 vigi-

108 2168 221 2228 lare
247 2166 546 2226 calumnias
560 2213 575 2238 ‚
601 2167 698 2248 qui
714 2167 844 2226 fidei
858 2179 1261 2227 contemnentes
1279 2166 1498 2224 initium
1509 2212 1524 2237 ,
1543 2166 1838 2224 immaturo

111 2269 164 2315 et
178 2275 430 2337 perverso
454 2255 680 2313 rationis
709 2276 892 2314 amore
912 2254 1198 2314 falluntur.
1227 2254 1481 2326 Quorum
1504 2253 1757 2313 nonnulli
1777 2270 1839 2313 ea

115 2364 242 2426 quae
265 2342 334 2401 de
365 2342 747 2423 corporalibus
780 2343 945 2402 rebus
964 2389 980 2415 ,
1026 2345 1136 2403 sive
1163 2364 1264 2423 per
1294 2363 1477 2401 sensus
1506 2363 1799 2423 corporeos
1821 2389 1835 2409 ‚

115 2442 333 2512 experta
357 2443 628 2489 noverunt
645 2477 661 2502 ,
696 2432 806 2491 sive
827 2451 955 2513 quae
979 2444 1175 2490 natura
1198 2431 1433 2500 humani
1452 2431 1653 2507 ingenii
1678 2443 1732 2489 et
1761 2430 1845 2488 di-

115 2518 356 2596 ligentiae
374 2518 663 2577 vivacitate
683 2519 770 2577 vel
795 2519 923 2577 artis
943 2519 1218 2596 adjutorio
1245 2532 1611 2600 perceperunt
1627 2565 1642 2591 ‚
1672 2519 1742 2577 ad
1765 2540 1856 2586 resa

59 2604 61 2606 ’
121 2607 470 2686 incorporeas
492 2618 546 2663 et
568 2606 836 2686 spiritales
866 2600 1157 2666 transferre·
1183 2619 1474 2676 conantur,
1502 2620 1565 2665 ut
1587 2629 1648 2665 ex
1666 2607 1754 2665 his
1775 2606 1849 2664 il-

122 2695 203 2754 las
229 2693 411 2752 metiri
434 2706 597 2774 atque
620 2695 839 2776 opinari
860 2695 1046 2755 velint.
1085 2695 1228 2754 Sunt
1248 2695 1378 2753 item
1415 2694 1505 2753 alii
1533 2695 1630 2775 qui
1652 2716 1852 2754 secun-

127 2782 262 2841 dum
280 2781 508 2840 humani
533 2785 699 2843 animi
717 2797 968 2842 naturam
985 2784 1071 2843 vel
1093 2785 1343 2843 affectum
1361 2782 1429 2841 de
1448 2785 1564 2841 Deo
1584 2783 1846 2855 sentiunt,

129 2868 328 2951 siquid
357 2870 623 2943 sentiunt,
654 2885 708 2930 et
728 2894 787 2931 ex
810 2872 923 2931 hoc
945 2893 1145 2944 errore,
1168 2894 1295 2932 cum
1313 2871 1382 2930 de
1402 2874 1519 2930 Deo
1544 2871 1851 2952 disputant,

132 2959 370 3017 sermoni
396 2979 493 3018 suo
515 2960 768 3020 distortas
796 2975 849 3020 et
877 2962 1098 3021 fallaces
1127 2961 1338 3038 regulas
1369 2962 1564 3038 figunt.
1613 2963 1709 3020 Est
1730 2964 1859 3041 item

136 3046 287 3105 aliud
309 3046 599 3107 hominum
621 3070 810 3126 genus,
831 3072 1018 3110 eorum
1036 3052 1133 3132 qui
1154 3050 1457 3110 universam
1476 3045 1696 3131 quidem
1719 3072 1866 3110 crea-

200 3163 215 3193 ¹
243 3165 423 3207 Inchoati
445 3180 577 3208 versus
594 3181 742 3208 annum
759 3176 858 3215 400.
878 3169 1048 3211 absoluti
1073 3170 1230 3211 circiter
1248 3185 1318 3213 an.
1344 3178 1364 3217 4
1381 3173 1505 3211 ι6.--
1523 3168 1545 3198 ⁴²
1566 3170 1672 3211 vido.
1691 3174 1736 3211 R·
1753 3178 1868 3214 tract.

140 3231 210 3274 tib.
233 3245 281 3283 u,
302 3246 387 3288 cap.
412 3235 478 3277 15.
500 3256 553 3264 —
572 3230 591 3262 ³
614 3233 716 3297 Vide
737 3237 786 3275 D.
811 3236 993 3292 Guillou‚
1013 3243 1228 3284 lonicum,
1252 3250 1287 3292 p.
1315 3238 1383 3286 88,
1411 3242 1482 3290 ⁸9-
