2144 3808
587 359 659 398 nn
700 356 1023 409 mmmm,
1071 357 1182 396 1111.
1233 355 1358 397 vm.
1733 338 1852 417 409

118 439 347 499 lectione
369 439 646 516 diligimus
661 438 907 509 fratrem,
939 437 1007 495 de
1025 438 1142 495 Deo
1171 435 1447 513 diligimus
1468 437 1725 497 fratrem:
1749 459 1852 499 nec

117 529 233 587 fieri
250 542 426 610 potest
481 541 541 587 ut
564 527 808 588 eamdem
834 526 1179 586 dilectionem
1210 548 1320 584 non
1346 527 1629 607 praecipue
1658 527 1851 604 diliga-

116 636 258 688 mu5,
286 639 392 697 qua
406 615 626 674 fratrem
649 615 942 690 diligimus,
975 613 1132 672 Unde
1154 614 1433 690 colligitur
1449 614 1562 672 duo
1591 614 1683 672 illa
1709 636 1852 695 prae-

115 719 278 786 cepta
303 728 410 764 non
427 727 581 788 posse
594 727 701 764 esse
717 706 828 762 sine
845 703 1098 763 invicem.
1125 703 1400 774 Quoniam
1417 705 1628 785 quippe
1651 729 1677 757 «
1703 709 1851 762 Deus

116 819 143 848 >2
168 795 389 853 dilectio
408 809 484 854 est
501 821 515 864 ς
537 823 562 848 »
581 796 754 851 Deum
772 806 915 852 certe
931 792 1127 869 diligit.
1145 793 1239 871 qui
1262 791 1442 869 diligit
1460 793 1803 851 dilectionem
1831 815 1845 850 ε

115 881 461 942 dilectionem
493 897 673 941 autem
704 903 916 939 necesse
939 894 1018 939 est
1048 894 1109 938 ut
1150 880 1362 956 diligat,
1393 881 1491 961 qui
1529 881 1708 957 diligit
1737 881 1850 940 fra-

114 984 268 1030 trem.
303 974 373 1029 Et
405 972 527 1030 ideo
545 971 712 1051 paulo
735 983 860 1051 post
884 970 992 1028 ait:
1016 997 1040 1022 «
1063 971 1185 1048 'Non
1217 983 1394 1050 potest
1423 972 1592 1028 Deum
1627 970 1849 1046 diligere

112 1085 139 1113 »
169 1082 331 1140 quem
356 1083 469 1119 non
485 1061 655 1129 videt,
676 1060 771 1141 qui
793 1059 1012 1117 fratrem
1037 1081 1199 1140 quem
1227 1058 1378 1117 videt
1398 1080 1507 1117 non
1535 1059 1714 1136 diligit
1736 1059 1757 1098 1
1784 1082 1797 1118 ε
1821 1087 1847 1114 ›>

112 1151 239 1229 quia
273 1150 398 1209 liaeo
424 1151 506 1208 illi
530 1171 690 1208 causa
721 1163 798 1207 est
828 1170 938 1206 non
959 1148 1183 1207 videndi
1211 1151 1408 1220 Deum,
1442 1148 1594 1230 quod
1626 1171 1734 1207 non
1764 1149 1846 1208 di-

108 1237 228 1314 ligit
257 1238 496 1299 fratrem.
525 1239 636 1336 Qui
663 1238 805 1296 enim
830 1259 941 1295 non
961 1237 1141 1313 diligit
1162 1236 1410 1307 fratrem,
1444 1258 1556 1296 non
1584 1251 1663 1296 cst
1689 1238 1745 1297 in
1767 1237 1848 1297 di-

108 1324 373 1385 lectione:
408 1340 461 1385 et
490 1327 585 1407 qui
640 1348 750 1384 non
782 1338 859 1384 est
899 1326 954 1384 in
994 1325 1317 1396 dilectione,
1371 1347 1481 1384 non
1513 1326 1676 1384 estin
1709 1325 1844 1398 Dm,

107 1415 238 1495 quia
259 1417 403 1474 Deus
425 1417 645 1475 dilectio
674 1429 771 1475 est.
808 1417 979 1474 Porro
1003 1415 1099 1497 qui
1128 1437 1238 1474 non
1271 1408 1348 1473 est
1379 1415 1435 1473 in
1468 1417 1604 1486 De0,
1636 1436 1747 1474 non
1768 1428 1848 1473 est

107 1505 166 1564 in
188 1504 438 1564 lumine:
471 1506 600 1587 quia
634 1532 660 1559 «
684 1507 831 1585 Deus
864 1505 1048 1589 lumen
1075 1518 1176 1576 est,
1213 1518 1266 1562 et
1301 1503 1580 1564 tenebrae
1567 1526 1626 1563 111
1653 1525 1715 1563 co
1737 1525 1847 1564 non

109 1620 137 1647 ›>
165 1606 292 1652 sunt
314 1593 483 1652 ullae2
490 1641 502 1655 .
535 1622 559 1647 »
594 1594 704 1665 Qui
732 1615 859 1671 ergo
892 1616 1003 1652 non
1034 1607 1113 1652 est
1143 1594 1201 1651 in
1229 1593 1457 1665 lumine,
1484 1593 1619 1674 quid
1646 1595 1843 1652 mirum

109 1681 151 1739 si
188 1702 300 1739 non
328 1681 478 1741 videt
501 1682 711 1754 lumen,
739 1682 797 1740 id
827 1694 928 1754 est,
960 1703 1073 1739 non
1095 1681 1246 1740 videt
1282 1683 1483 1753 Deum,
1521 1682 1652 1762 quia
1679 1682 1735 1738 in
1763 1694 1843 1739 te·-

2 1814 7 1819 .
107 1769 291 1828 nebris
306 1774 419 1829 est?
455 1773 698 1828 Fratrem
725 1783 907 1828 autem
923 1770 1072 1828 videt
1100 1770 1346 1828 humano
1376 1769 1519 1839 vim,
1541 1790 1651 1850 quo
1674 1768 1848 1827 videri

109 1855 256 1915 Deus
278 1879 389 1915 non
420 1871 618 1939 potest.
659 1858 766 1916 Sed
810 1859 854 1916 si
895 1879 1018 1916 eum
1051 1879 1212 1938 quem
1245 1858 1396 1916 videt
1424 1858 1672 1916 humano
1701 1858 1844 1930 vim,

107 1946 338 2026 spiritali
368 1947 639 2006 charitate
672 1946 942 2024 diligeret,
985 1947 1193 2016 videret
1232 1951 1411 2005 Deum
1465 1947 1561 2027 qui
1611 1960 1690 2005 est
1729 1948 1849 2028 ipsa

107 2035 349 2094 charitas
377 2037 495 2095 visu
519 2036 775 2094 interiore
803 2058 914 2117 quo
939 2036 1110 2096 videri
1131 2049 1327 2117 potest.
1371 2038 1564 2117 ltaque
1592 2036 1689 2116 qui
1733 2035 1850 2094 fra-

108 2136 242 2182 trem
269 2147 430 2225 quem
456 2125 605 2183 videt
627 2147 738 2183 non
761 2126 962 2202 diligit,
1001 2128 1202 2196 Deum,
1239 2147 1399 2206 quem
1419 2138 1711 2205 propterea
1735 2145 1849 2181 non

106 2212 283 2284 videt,
314 2214 445 2295 quia
478 2215 622 2272 Deus
651 2172 892 2271 dilemma
902 2228 1002 2282 est,
1032 2235 1139 2294 qua
1173 2227 1321 2271 caret
1362 2214 1456 2293 qui
1486 2211 1706 2270 fratrem
1740 2233 1853 2270 non

107 2301 319 2380 diligit,
360 2304 639 2385 quomodo
676 2317 855 2383 potest
890 2303 1152 2379 diligere?
1188 2305 1301 2362 Nec
1336 2303 1428 2362 illa
1466 2307 1581 2379 jam
1618 2277 1848 2383 quastio

106 2404 350 2455 moveat
382 2405 648 2471 quantum
679 2391 835 2449 fiatri
866 2392 1149 2450 charitatis
1175 2390 1472 2450 debeamus
1495 2391 1843 2471 impendere,

109 2493 373 2559 quantum
410 2482 558 2538 Deo.
588 2479 1098 2560 incomparabiliter
1125 2479 1250 2560 plus
1284 2501 1450 2560 quam
1492 2479 1652 2537 nobis
1701 2479 1841 2550 De0,

107 2568 264 2627 fratri
289 2583 469 2627 autem
503 2584 771 2651 quantum
803 2570 1002 2627 nobis
988 2569 1167 2650 ipsis:
1154 2591 1294 2627 ‚nos
1316 2583 1493 2628 autem
1526 2568 1671 2648 ipsos
1691 2580 1845 2625 tanto

107 2658 278 2735 magis
310 2658 611 2734 diligimus,
637 2671 843 2739 quanto
871 2660 1042 2735 magis
1075 2659 1358 2734 diligimus
1393 2660 1589 2716 Deum.
1629 2658 1708 2714 Ex
1740 2678 1848 2714 una

107 2746 276 2822 igitur
296 2746 592 2826 eademque
610 2747 876 2805 charitate
895 2747 1070 2805 Deum
1091 2748 1299 2827 proxim
1310 2767 1510 2826 umque
1528 2744 1843 2820 diligimus·

108 2834 200 2893 sed
224 2837 401 2893 Deum
423 2849 652 2916 propter
678 2837 879 2906 Deum,
913 2858 1011 2895 nos
1045 2850 1225 2894 autem
1249 2849 1302 2893 et
1327 2790 1660 2916 proximumr>
1667 2854 1849 2914 prop-

110 2935 191 2981 ter
217 2924 413 2981 Deum.

189 3012 349 3070 XUI.
389 3010 539 3081 Quid
565 3012 708 3069 enim
732 3027 832 3082 est,
853 3034 1062 3092 quaeSO,
1093 3013 1243 3093 quod
1272 3009 1848 3080 exardescimu8,·cum

110 3099 364 3159 audimus
388 3111 440 3155 et
472 3096 699 3173 legimus
737 3121 750 3156 τ
781 3126 805 3150 «
837 3100 978 3158 Ecce
1007 3121 1156 3159 nuuc
1204 3114 1422 3180 tempus
1466 3095 1804 3177 acceptabile
1825 3142 1840 3166 ‚

110 3216 139 3244 »
167 3208 293 3247 ecce
318 3206 467 3244 nuuc
494 3185 607 3244 dies
648 3186 836 3246 salutis
866 3211 881 3245 ε
910 3188 1122 3249 nullum
1146 3189 1203 3248 in
1233 3207 1516 3272 quoquam
1543 3185 1733 3244 dantes
1763 3182 1843 3241 of-

175 3292 188 3321 ¹
219 3306 235 3332 1
261 3293 380 3332 Joan.
403 3304 463 3340 xv,
491 3305 631 3332 200-
651 3290 816 3347 21d.1‚
842 3293 885 3337 5.
