2144 3808
366 361 585 405 CONTRA
629 360 963 401 MAXIMINUM
1005 361 1285 416 ARIANUM,
1336 364 1444 404 un.
1499 364 1562 403 11.
1764 340 1843 402 85

125 445 391 528 aequalem
414 493 428 516 ,
453 445 582 525 quia
612 444 773 500 «Hoc
804 445 967 501 Pater
992 444 1039 502 ei
1065 444 1328 505 donavit:
1354 471 1380 498 >³
1412 444 1486 502 ait
1506 444 1651 501 enim
1678 446 1852 524 Apos-

124 535 266 593 tolus
298 557 312 592 :
341 537 617 613 «Propter
638 531 790 613 quod
813 545 865 589 et
883 533 1030 590 Deus
1052 555 1174 591 eum
1195 534 1468 602 exaltavit,
1490 545 1542 590 et
1565 531 1791 590 donavit
1802 532 1850 589 ei

74 670 77 672 .
125 649 154 676 ι)
181 644 379 680 nomen
406 620 555 701 quod
580 634 840 700 estsuper
872 642 1031 680 omne
1061 644 1261 680 nomen
1282 669 1296 695 ,
1332 635 1394 680 ut
1413 623 1468 680 in
1491 618 1709 678 nomine
1726 624 1851 677 Jesu

128 736 156 763 >a
190 731 349 768 omne
370 731 508 785 genu
534 709 818 778 flectatur,
857 716 965 768 ete.
1006 736 1031 761 »
1065 711 1177 767 Nec
1208 709 1454 790 quaeritis
1479 708 1567 766 cui
1606 706 1853 768 donave-

127 799 228 867 rit,
262 811 447 856 ut‘rum
478 797 730 869 homini,
764 818 832 854 an
860 796 992 857 Deo.
1032 798 1327 870 Quomodo
1355 798 1499 855 enim
1534 794 1851 865 donaverit,

129 885 408 943 evidenter
445 898 690 964 apparet.
728 884 1120 956 «Humiliavit,
1149 886 1359 966 inquit,
1386 884 1731 963 semetipsum
1760 902 1857 940 us·-

126 999 153 1026 »
182 993 290 1053 que
332 972 404 1030 ad
434 985 695 1042 mortem,
736 985 966 1037 mortem
999 987 1180 1031 autem
1209 974 1404 1032 crucis,
1439 974 1675 1052 Propter
1705 968 1857 1051 quod

126 1087 154 1115 »
182 1074 232 1119 et
265 1062 411 1119 Deus
437 1081 563 1119 eum
583 1060 867 1132 exaltavit,
902 1074 955 1119 et
1002 1061 1229 1120 donavit
1261 1062 1309 1120 ei
1337 1082 1538 1120 nomen
1578 1057 1728 1140 quod
1777 1069 1859 1115 est

126 1175 155 1203 »
185 1170 349 1230 super
369 1170 528 1207 omne
549 1147 800 1209 nomenl.
827 1176 852 1202 »
881 1149 939 1207 Si
966 1172 1091 1226 ergo
1115 1163 1407 1232 propterea
1433 1147 1660 1207 donavit
1681 1146 1729 1204 ei
1759 1167 1857 1204 no·-

128 1258 255 1295 men
283 1237 437 1319 quod
464 1250 542 1295 est
569 1259 734 1318 super
757 1259 917 1296 omne
946 1259 1145 1298 nomen
1168 1285 1183 1310 ,
1218 1238 1348 1319 quia
1383 1238 1560 1296 factus
1599 1249 1678 1294 est
1719 1233 1858 1292 obe—

128 1325 283 1384 diens
307 1348 478 1407 usque
501 1327 571 1385 ad
596 1341 825 1386 mortem
855 1328 1066 1399 crucis3
1102 1327 1376 1409 numquid
1420 1340 1713 1406 antequam
1749 1323 1861 1380 hoc

130 1415 284 1472 fieret
307 1461 322 1486 ,
354 1436 467 1472 non
508 1429 622 1474 erat
666 1415 805 1474 altus
851 1416 951 1474 Dei
999 1415 1166 1492 Filius
1202 1417 1382 1487 DeuS,
1428 1414 1529 1472 Dei
1568 1412 1810 1471 Verbum
1842 1456 1857 1481 ,

134 1503 283 1560 Deus
311 1503 461 1583 apud
486 1505 660 1562 Deum
686 1530 700 1572 3
730 1504 819 1562 sed
843 1519 1196 1585 posteaquam
1224 1517 1454 1585 propter
1473 1503 1584 1560 hoc
1603 1500 1865 1559 exaltatus

133 1604 249 1662 est,
286 1591 601 1672 qua-factus
640 1606 719 1651 est
752 1593 1011 1651 obediens
1057 1615 1225 1673 usque
1263 1593 1333 1650 ad
1368 1605 1598 1650 mortem
1637 1590 1817 1648 crucis
1846 1634 1861 1658 ,

135 1693 270 1738 tunc
287 1681 460 1760 coepit
482 1702 591 1739 esse
619 1681 759 1739 altus
781 1681 876 1740 Dei
911 1682 1074 1740 Filius
1097 1728 1111 1753 ,
1146 1681 1340 1739 unicus
1362 1681 1494 1753 Dei,
1518 1682 1665 1738 Deus
1685 1725 1699 1750 ,
1734 1691 1866 1735 tunc

135 1768 314 1848 coepit
342 1768 545 1827 habere
572 1791 771 1828 nomen
804 1770 953 1850 qnod
990 1784 1068 1829 est
1092 1792 1256 1852 super
1280 1791 1439 1828 omne
1465 1770 1702 1827 nomen?
1729 1766 1868 1838 Quis

137 1855 253 1915 hoe
273 1856 744 1936 insipientissimus
766 1858 958 1917 dixerit
976 1863 1000 1917 ἶ)
1021 1860 1142 1917 Hoc
1162 1859 1243 1917 illi
1265 1880 1392 1934 ergo
1414 1857 1682 1915 donatum
1711 1866 1789 1913 est
1811 1866 1873 1911 ut

140 1946 357 2004 homini
378 1993 392 2017 ,
419 1948 719 2007 secundum
741 1970 903 2029 quem
929 1950 1095 2008 Filius
1119 1949 1296 2008 factus
1324 1962 1401 2007 est
1423 1948 1682 2007 obediens
1702 1965 1874 2025 usque

147 2034 216 2092 ad
244 2048 471 2094 mortem
503 2038 684 2095 erucis
705 2037 947 2118 ,quod
925 2060 971 2114 J
957 2060 1043 2096 am
1077 2038 1323 2096 habebat
1352 2036 1498 2095 idem
1519 2037 1635 2116 ipse
1664 2033 1767 2093 Dei
1793 2033 1877 2091 Fi-

144 2121 288 2192 lius,
316 2125 460 2182 Deus
489 2124 557 2183 de
586 2126 701 2184 Deo
733 2139 894 2185 natus
926 2126 1171 2206 aequaliS.

231 2211 335 2267 ΙΙΙ.
382 2211 599 2288 Oincis
640 2212 815 2284 mihi,
850 2213 1002 2293 quod
1046 2213 1226 2271 dicam
1266 2213 1582 2294 «Spiritum
1628 2222 1876 2269 sanetum

148 2297 418 2396 aequalem
444 2321 555 2358 esse
589 2300 809 2360 Filio.»
859 2303 999 2360 Dico
1031 2301 1214 2383 plane
1267 2327 1294 2355 <c
1322 2303 1444 2372 Da,
1478 2299 1696 2380 inquiS,
1727 2297 1883 2356 testi-

150 2386 372 2458 monia,
404 2387 503 2446 ubi
539 2388 801 2448 adoratur
823 2390 1066 2470 Spiritus
1091 2403 1326 2450 sanetus,
1359 2417 1385 2444 ›>
1414 2390 1490 2447 Ut
1509 2388 1702 2460 video,
1750 2387 1886 2445 hinc

151 2494 279 2533 eum
303 2474 387 2533 vis
414 2476 623 2535 ostendi
649 2477 918 2557 aequalem
960 2479 1002 2536 C
1009 2478 1220 2550 bristo,
1253 2479 1298 2536 si
1325 2478 1586 2537 adoratur
1613 2490 1675 2535 ut
1697 2474 1886 2535 Chris-

156 2560 413 2622 tus.'Jam
437 2585 564 2640 ergo
588 2567 850 2624 confitere
880 2566 1165 2625 Christum
1201 2566 1353 2624 Patri
1396 2565 1695 2646 aequalem,
1724 2584 1887 2644 quem

157 2649 354 2731 tuipse
376 2650 590 2710 adorari
613 2654 889 2711 confiteris
913 2667 974 2712 ut
997 2656 1237 2713 Patrem.
1266 2653 1468 2726 Quales
1492 2666 1670 2712 autem
1699 2650 1891 2709 homi-

158 2759 254 2795 nes
281 2739 436 2808 estiS,
461 2761 625 2820 quam
648 2741 912 2817 religiosae
927 2742 1260 2800 humilitatis
1279 2789 1293 2813 ,
1325 2742 1422 2822 qui
1446 2741 1715 2821 Spiritum
1743 2759 1893 2797 sane-

162 2841 279 2885 tum
304 2826 529 2886 adorare
561 2851 670 2887 non
692 2830 856 2890 vultis
876 2878 890 2902 ,
925 2853 1054 2889 cum
1093 2831 1281 2908 legatis
1309 2853 1323 2888 ε
1360 2830 1606 2889 «Littera
1639 2827 1845 2888 occidit
1873 2873 1888 2890 ,

146 2940 193 2969 ..>›
223 2914 460 2995 Spiritus
495 2929 676 2975 autem
704 2918 1068 2979 vivificat2P»
1112 2920 1236 2977 Non
1269 2919 1430 2979 vultis
1464 2939 1591 2995 ergo
1626 2917 1849 2976 adorare
1875 2962 1890 2985 ,

166 3024 330 3083 quem
350 3003 630 3061 vivificare
655 3006 858 3065 animas
882 3030 993 3067 non
1021 3008 1225 3086 negatis
1248 3030 1262 3065 ε
1290 3028 1419 3066 cum
1438 3020 1595 3089 pater
1611 3005 1895 3064 Abraham

167 3091 416 3150 homines
449 3090 784 3166 adoraverit,
825 3097 955 3176 quia
988 3109 1370 3156 concesserunt
1399 3096 1447 3154 ei
1477 3086 1917 3154 monumentum'

171 3179 272 3238 ubi
289 3193 520 3261 poneret
540 3194 775 3241 mortuae
793 3204 995 3266 corpus
1015 3185 1212 3248 uxoris,
1240 3184 1329 3244 Sic
1349 3184 1493 3244 enim
1511 3183 1778 3264 scriptum
1797 3193 1894 3241 est:

233 3286 246 3314 ¹
272 3283 418 3339 Philip.
440 3298 492 3340 ιι,
523 3284 563 3339 8,
585 3296 624 3337 9.
648 3305 702 3315 ——
724 3283 744 3314 2
763 3299 782 3332 2
809 3288 901 3328 Cor.
925 3301 989 3337 111,
1013 3290 1055 3334 6.
