<?xml version="1.0" encoding="UTF-8"?>
<!DOCTYPE html PUBLIC "-//W3C//DTD XHTML 1.0 Transitional//EN"
    "http://www.w3.org/TR/xhtml1/DTD/xhtml1-transitional.dtd">
<html xmlns="http://www.w3.org/1999/xhtml" xml:lang="en" lang="en">
 <head>
  <title>
</title>
<meta http-equiv="Content-Type" content="text/html;charset=utf-8" />
  <meta name='ocr-system' content='tesseract 3.04.00' />
  <meta name='ocr-capabilities' content='ocr_page ocr_carea ocr_par ocr_line ocrx_word'/>
</head>
<body>
  <div class='ocr_page' id='page_1' title='image "./operaomniaaccura30auguuoft_0173.png"; bbox 0 0 2144 3808; ppageno 0'>
   <div class='ocr_carea' id='block_1_1' title="bbox 373 252 1846 333">
    <p class='ocr_par' dir='ltr' id='par_1_1' title="bbox 373 252 1846 333">
     <span class='ocr_line' id='line_1_1' title="bbox 373 252 1846 333; baseline -0.001 -20"><span class='ocrx_word' id='word_1_1' title='bbox 373 271 592 313; x_wconf 80' lang='lat' dir='ltr'>CONTRA</span> <span class='ocrx_word' id='word_1_2' title='bbox 632 270 965 333; x_wconf 63' lang='lat' dir='ltr'>MAXOEINUM</span> <span class='ocrx_word' id='word_1_3' title='bbox 1009 267 1288 333; x_wconf 75' lang='lat' dir='ltr'>ARiANUM,</span> <span class='ocrx_word' id='word_1_4' title='bbox 1335 252 1846 313; x_wconf 78' lang='lat' dir='ltr'>m.11.163</span> 
     </span>
    </p>
   </div>
   <div class='ocr_carea' id='block_1_2' title="bbox 123 331 1863 3312">
    <p class='ocr_par' dir='ltr' id='par_1_2' title="bbox 123 331 1863 2636">
     <span class='ocr_line' id='line_1_2' title="bbox 129 331 1850 429; baseline -0.002 -18"><span class='ocrx_word' id='word_1_5' title='bbox 129 349 432 425; x_wconf 85' lang='lat' dir='ltr'>obedierit,</span> <span class='ocrx_word' id='word_1_6' title='bbox 464 353 563 429; x_wconf 84' lang='lat' dir='ltr'>ubi</span> <span class='ocrx_word' id='word_1_7' title='bbox 588 335 805 420; x_wconf 80' lang='lat' dir='ltr'>dictum</span> <span class='ocrx_word' id='word_1_8' title='bbox 825 362 955 414; x_wconf 82' lang='lat' dir='ltr'>est:</span> <span class='ocrx_word' id='word_1_9' title='bbox 993 374 1020 402; x_wconf 76' lang='grc' dir='ltr'>α</span> <span class='ocrx_word' id='word_1_10' title='bbox 1023 341 1108 409; x_wconf 88' lang='lat' dir='ltr'>Et</span> <span class='ocrx_word' id='word_1_11' title='bbox 1127 331 1256 407; x_wconf 68' lang='lat' dir='ltr'>fecit</span> <span class='ocrx_word' id='word_1_12' title='bbox 1287 348 1433 409; x_wconf 89' lang='lat' dir='ltr'>Deus</span> <span class='ocrx_word' id='word_1_13' title='bbox 1459 351 1788 413; x_wconf 83' lang='lat' dir='ltr'>hominem:</span> <span class='ocrx_word' id='word_1_14' title='bbox 1822 381 1850 408; x_wconf 84' lang='lat'>»</span> 
     </span>
     <span class='ocr_line' id='line_1_3' title="bbox 129 428 1852 523; baseline 0.001 -25"><span class='ocrx_word' id='word_1_15' title='bbox 129 439 348 523; x_wconf 82' lang='lat' dir='ltr'>prorsus</span> <span class='ocrx_word' id='word_1_16' title='bbox 368 432 506 507; x_wconf 85' lang='lat' dir='ltr'>sicut</span> <span class='ocrx_word' id='word_1_17' title='bbox 529 452 580 498; x_wconf 91' lang='lat' dir='ltr'>te</span> <span class='ocrx_word' id='word_1_18' title='bbox 603 432 865 510; x_wconf 82' lang='lat' dir='ltr'>delectat,</span> <span class='ocrx_word' id='word_1_19' title='bbox 891 435 1060 495; x_wconf 91' lang='lat' dir='ltr'>Filius</span> <span class='ocrx_word' id='word_1_20' title='bbox 1076 428 1312 495; x_wconf 83' lang='lat' dir='ltr'>dixerit:</span> <span class='ocrx_word' id='word_1_21' title='bbox 1342 463 1368 490; x_wconf 78' lang='grc' dir='ltr'>ε(</span> <span class='ocrx_word' id='word_1_22' title='bbox 1392 436 1518 513; x_wconf 84' lang='grc' dir='ltr'>Νοιι</span> <span class='ocrx_word' id='word_1_23' title='bbox 1540 452 1619 497; x_wconf 92' lang='lat' dir='ltr'>est</span> <span class='ocrx_word' id='word_1_24' title='bbox 1639 440 1852 500; x_wconf 90' lang='lat' dir='ltr'>bonum</span> 
     </span>
     <span class='ocr_line' id='line_1_4' title="bbox 129 523 1853 602; baseline 0.003 -20"><span class='ocrx_word' id='word_1_25' title='bbox 129 554 157 582; x_wconf 78' lang='lat'>&gt;2</span> <span class='ocrx_word' id='word_1_26' title='bbox 173 528 348 601; x_wconf 88' lang='lat' dir='ltr'>solum</span> <span class='ocrx_word' id='word_1_27' title='bbox 364 527 472 587; x_wconf 90' lang='lat' dir='ltr'>esse</span> <span class='ocrx_word' id='word_1_28' title='bbox 487 525 766 595; x_wconf 85' lang='lat' dir='ltr'>bominem</span> <span class='ocrx_word' id='word_1_29' title='bbox 784 572 800 598; x_wconf 87' lang='lat'><strong>,</strong></span> <span class='ocrx_word' id='word_1_30' title='bbox 822 523 1086 584; x_wconf 84' lang='lat' dir='ltr'>faciamus</span> <span class='ocrx_word' id='word_1_31' title='bbox 1107 525 1156 583; x_wconf 93' lang='lat' dir='ltr'>ei</span> <span class='ocrx_word' id='word_1_32' title='bbox 1173 524 1263 602; x_wconf 86' lang='lat' dir='ltr'>adj</span> <span class='ocrx_word' id='word_1_33' title='bbox 1272 523 1543 595; x_wconf 85' lang='lat' dir='ltr'>utorium3</span> <span class='ocrx_word' id='word_1_34' title='bbox 1558 535 1584 579; x_wconf 80' lang='lat'>›&#39;›</span> <span class='ocrx_word' id='word_1_35' title='bbox 1611 527 1702 586; x_wconf 88' lang='lat' dir='ltr'>sed</span> <span class='ocrx_word' id='word_1_36' title='bbox 1723 528 1853 588; x_wconf 87' lang='lat' dir='ltr'>talia</span> 
     </span>
     <span class='ocr_line' id='line_1_5' title="bbox 127 610 1851 698; baseline 0 -24"><span class='ocrx_word' id='word_1_37' title='bbox 127 615 312 676; x_wconf 87' lang='lat' dir='ltr'>dicens</span> <span class='ocrx_word' id='word_1_38' title='bbox 333 615 450 698; x_wconf 82' lang='lat' dir='ltr'>ipse</span> <span class='ocrx_word' id='word_1_39' title='bbox 479 637 590 674; x_wconf 90' lang='lat' dir='ltr'>non</span> <span class='ocrx_word' id='word_1_40' title='bbox 611 610 830 692; x_wconf 79' lang='lat' dir='ltr'>jusserit</span> <span class='ocrx_word' id='word_1_41' title='bbox 854 661 870 687; x_wconf 89' lang='lat'><strong>,</strong></span> <span class='ocrx_word' id='word_1_42' title='bbox 900 613 1032 696; x_wconf 91' lang='lat' dir='ltr'>quia</span> <span class='ocrx_word' id='word_1_43' title='bbox 1058 614 1168 682; x_wconf 86' lang='lat' dir='ltr'>boc</span> <span class='ocrx_word' id='word_1_44' title='bbox 1197 613 1365 674; x_wconf 90' lang='lat' dir='ltr'>vultis</span> <span class='ocrx_word' id='word_1_45' title='bbox 1398 635 1414 672; x_wconf 70' lang='grc' dir='ltr'><em>ε</em></span> <span class='ocrx_word' id='word_1_46' title='bbox 1449 615 1726 696; x_wconf 90' lang='lat' dir='ltr'>quomodo</span> <span class='ocrx_word' id='word_1_47' title='bbox 1761 638 1851 677; x_wconf 92' lang='lat' dir='ltr'>os-</span> 
     </span>
     <span class='ocr_line' id='line_1_6' title="bbox 127 699 1851 786; baseline 0.001 -25"><span class='ocrx_word' id='word_1_48' title='bbox 127 703 306 763; x_wconf 86' lang='lat' dir='ltr'><strong>tendis</strong></span> <span class='ocrx_word' id='word_1_49' title='bbox 335 703 536 763; x_wconf 83' lang='lat' dir='ltr'>Filium</span> <span class='ocrx_word' id='word_1_50' title='bbox 562 703 659 786; x_wconf 89' lang='lat' dir='ltr'>qui</span> <span class='ocrx_word' id='word_1_51' title='bbox 684 701 969 762; x_wconf 87' lang='lat' dir='ltr'>hominem</span> <span class='ocrx_word' id='word_1_52' title='bbox 995 699 1186 765; x_wconf 86' lang='lat' dir='ltr'>fecerit</span> <span class='ocrx_word' id='word_1_53' title='bbox 1210 747 1225 774; x_wconf 89' lang='lat'>,</span> <span class='ocrx_word' id='word_1_54' title='bbox 1262 700 1334 760; x_wconf 91' lang='lat' dir='ltr'>ab</span> <span class='ocrx_word' id='word_1_55' title='bbox 1372 700 1596 762; x_wconf 86' lang='lat' dir='ltr'>homine</span> <span class='ocrx_word' id='word_1_56' title='bbox 1629 703 1851 767; x_wconf 65' lang='lat' dir='ltr'>visum?</span> 
     </span>
     <span class='ocr_line' id='line_1_7' title="bbox 128 788 1853 873; baseline -0.001 -22"><span class='ocrx_word' id='word_1_57' title='bbox 128 791 409 873; x_wconf 81' lang='lat' dir='ltr'>quomodo</span> <span class='ocrx_word' id='word_1_58' title='bbox 449 791 686 851; x_wconf 88' lang='lat' dir='ltr'>ostendis</span> <span class='ocrx_word' id='word_1_59' title='bbox 722 788 924 850; x_wconf 89' lang='lat' dir='ltr'>Filium</span> <span class='ocrx_word' id='word_1_60' title='bbox 953 790 1051 872; x_wconf 89' lang='lat' dir='ltr'>qui</span> <span class='ocrx_word' id='word_1_61' title='bbox 1087 788 1224 848; x_wconf 83' lang='lat' dir='ltr'>dixit</span> <span class='ocrx_word' id='word_1_62' title='bbox 1266 811 1282 847; x_wconf 75' lang='lat' dir='ltr'>t</span> <span class='ocrx_word' id='word_1_63' title='bbox 1316 815 1344 843; x_wconf 78' lang='lat' dir='ltr'>c&lt;</span> <span class='ocrx_word' id='word_1_64' title='bbox 1366 789 1491 848; x_wconf 87' lang='lat' dir='ltr'>Non</span> <span class='ocrx_word' id='word_1_65' title='bbox 1532 804 1612 849; x_wconf 90' lang='lat' dir='ltr'>est</span> <span class='ocrx_word' id='word_1_66' title='bbox 1638 791 1853 850; x_wconf 91' lang='lat' dir='ltr'>bonum</span> 
     </span>
     <span class='ocr_line' id='line_1_8' title="bbox 128 877 1858 955; baseline 0.003 -22"><span class='ocrx_word' id='word_1_67' title='bbox 128 907 155 934; x_wconf 84' lang='grc'>»</span> <span class='ocrx_word' id='word_1_68' title='bbox 186 880 469 955; x_wconf 85' lang='lat' dir='ltr'>bominem</span> <span class='ocrx_word' id='word_1_69' title='bbox 491 902 601 939; x_wconf 93' lang='lat' dir='ltr'>esse</span> <span class='ocrx_word' id='word_1_70' title='bbox 627 879 835 954; x_wconf 67' lang='lat' dir='ltr'>solum·²</span> <span class='ocrx_word' id='word_1_71' title='bbox 859 877 1123 954; x_wconf 83' lang='lat' dir='ltr'>faciamus</span> <span class='ocrx_word' id='word_1_72' title='bbox 1151 879 1200 936; x_wconf 93' lang='lat' dir='ltr'>ei</span> <span class='ocrx_word' id='word_1_73' title='bbox 1223 877 1589 954; x_wconf 84' lang='lat' dir='ltr'>adjutorium,</span> <span class='ocrx_word' id='word_1_74' title='bbox 1607 905 1634 933; x_wconf 85' lang='lat'>»</span> <span class='ocrx_word' id='word_1_75' title='bbox 1664 880 1735 942; x_wconf 87' lang='lat' dir='ltr'>ab</span> <span class='ocrx_word' id='word_1_76' title='bbox 1755 879 1858 938; x_wconf 86' lang='lat' dir='ltr'>ho·</span> 
     </span>
     <span class='ocr_line' id='line_1_9' title="bbox 131 966 1861 1049; baseline -0.001 -22"><span class='ocrx_word' id='word_1_77' title='bbox 131 969 276 1027; x_wconf 85' lang='lat' dir='ltr'>mine</span> <span class='ocrx_word' id='word_1_78' title='bbox 299 971 477 1029; x_wconf 86' lang='lat' dir='ltr'>visum</span> <span class='ocrx_word' id='word_1_79' title='bbox 497 1016 512 1039; x_wconf 87' lang='lat'>‚</span> <span class='ocrx_word' id='word_1_80' title='bbox 540 968 628 1028; x_wconf 87' lang='lat' dir='ltr'>vel</span> <span class='ocrx_word' id='word_1_81' title='bbox 653 969 725 1028; x_wconf 93' lang='lat' dir='ltr'>ab</span> <span class='ocrx_word' id='word_1_82' title='bbox 758 968 876 1049; x_wconf 88' lang='lat' dir='ltr'>ipsa</span> <span class='ocrx_word' id='word_1_83' title='bbox 908 966 1134 1027; x_wconf 90' lang='lat' dir='ltr'>muliere</span> <span class='ocrx_word' id='word_1_84' title='bbox 1152 1013 1168 1038; x_wconf 89' lang='lat'>‚</span> <span class='ocrx_word' id='word_1_85' title='bbox 1203 966 1248 1025; x_wconf 93' lang='lat' dir='ltr'>si</span> <span class='ocrx_word' id='word_1_86' title='bbox 1269 989 1388 1026; x_wconf 92' lang='lat' dir='ltr'>eam</span> <span class='ocrx_word' id='word_1_87' title='bbox 1415 966 1617 1034; x_wconf 89' lang='lat' dir='ltr'>factam</span> <span class='ocrx_word' id='word_1_88' title='bbox 1645 989 1758 1029; x_wconf 88' lang='lat' dir='ltr'>non</span> <span class='ocrx_word' id='word_1_89' title='bbox 1779 968 1861 1028; x_wconf 88' lang='lat' dir='ltr'>vis</span> 
     </span>
     <span class='ocr_line' id='line_1_10' title="bbox 126 1054 1862 1137; baseline 0.001 -22"><span class='ocrx_word' id='word_1_90' title='bbox 126 1062 286 1116; x_wconf 91' lang='lat' dir='ltr'>Patre</span> <span class='ocrx_word' id='word_1_91' title='bbox 304 1104 319 1130; x_wconf 87' lang='lat'><strong>,</strong></span> <span class='ocrx_word' id='word_1_92' title='bbox 353 1080 421 1117; x_wconf 90' lang='lat' dir='ltr'>ne</span> <span class='ocrx_word' id='word_1_93' title='bbox 451 1058 589 1129; x_wconf 87' lang='lat' dir='ltr'>Filio</span> <span class='ocrx_word' id='word_1_94' title='bbox 618 1061 779 1115; x_wconf 88' lang='lat' dir='ltr'>Pater</span> <span class='ocrx_word' id='word_1_95' title='bbox 806 1056 1052 1116; x_wconf 83' lang='lat' dir='ltr'>obedisse</span> <span class='ocrx_word' id='word_1_96' title='bbox 1078 1054 1361 1130; x_wconf 83' lang='lat' dir='ltr'>videatur3</span> <span class='ocrx_word' id='word_1_97' title='bbox 1384 1055 1477 1115; x_wconf 91' lang='lat' dir='ltr'>sed</span> <span class='ocrx_word' id='word_1_98' title='bbox 1500 1057 1615 1137; x_wconf 85' lang='lat' dir='ltr'>ipse</span> <span class='ocrx_word' id='word_1_99' title='bbox 1635 1079 1753 1116; x_wconf 91' lang='lat' dir='ltr'>eam</span> <span class='ocrx_word' id='word_1_100' title='bbox 1776 1057 1862 1116; x_wconf 91' lang='lat' dir='ltr'>Fi-</span> 
     </span>
     <span class='ocr_line' id='line_1_11' title="bbox 125 1143 1863 1227; baseline 0 -24"><span class='ocrx_word' id='word_1_101' title='bbox 125 1144 230 1204; x_wconf 90' lang='lat' dir='ltr'>lius</span> <span class='ocrx_word' id='word_1_102' title='bbox 252 1192 267 1218; x_wconf 86' lang='grc'>,</span> <span class='ocrx_word' id='word_1_103' title='bbox 302 1158 565 1227; x_wconf 83' lang='lat' dir='ltr'>tanquam</span> <span class='ocrx_word' id='word_1_104' title='bbox 584 1145 689 1204; x_wconf 90' lang='lat' dir='ltr'>sibi</span> <span class='ocrx_word' id='word_1_105' title='bbox 699 1145 903 1223; x_wconf 86' lang='lat' dir='ltr'>jubens</span> <span class='ocrx_word' id='word_1_106' title='bbox 922 1143 1138 1225; x_wconf 85' lang='lat' dir='ltr'>sibique</span> <span class='ocrx_word' id='word_1_107' title='bbox 1162 1144 1421 1211; x_wconf 86' lang='lat' dir='ltr'>obediens</span> <span class='ocrx_word' id='word_1_108' title='bbox 1437 1191 1454 1218; x_wconf 85' lang='grc'>,</span> <span class='ocrx_word' id='word_1_109' title='bbox 1477 1157 1532 1203; x_wconf 92' lang='lat' dir='ltr'>et</span> <span class='ocrx_word' id='word_1_110' title='bbox 1554 1144 1863 1205; x_wconf 86' lang='lat' dir='ltr'>faciendam</span> 
     </span>
     <span class='ocr_line' id='line_1_12' title="bbox 128 1231 1862 1305; baseline 0 -14"><span class='ocrx_word' id='word_1_111' title='bbox 128 1233 263 1292; x_wconf 82' lang='lat' dir='ltr'>dixit</span> <span class='ocrx_word' id='word_1_112' title='bbox 290 1280 304 1303; x_wconf 90' lang='lat'><strong>‚</strong></span> <span class='ocrx_word' id='word_1_113' title='bbox 339 1246 394 1293; x_wconf 93' lang='lat' dir='ltr'>et</span> <span class='ocrx_word' id='word_1_114' title='bbox 419 1234 588 1304; x_wconf 65' lang='lat' dir='ltr'>fecit?</span> <span class='ocrx_word' id='word_1_115' title='bbox 622 1234 945 1301; x_wconf 86' lang='lat' dir='ltr'>Demonstra</span> <span class='ocrx_word' id='word_1_116' title='bbox 978 1231 1176 1291; x_wconf 87' lang='lat' dir='ltr'>Filium</span> <span class='ocrx_word' id='word_1_117' title='bbox 1211 1233 1385 1292; x_wconf 88' lang='lat' dir='ltr'>visum</span> <span class='ocrx_word' id='word_1_118' title='bbox 1414 1252 1524 1290; x_wconf 92' lang='lat' dir='ltr'>esse</span> <span class='ocrx_word' id='word_1_119' title='bbox 1547 1254 1576 1290; x_wconf 93' lang='lat' dir='ltr'>a</span> <span class='ocrx_word' id='word_1_120' title='bbox 1598 1232 1747 1305; x_wconf 84' lang='lat' dir='ltr'>vir0,</span> <span class='ocrx_word' id='word_1_121' title='bbox 1772 1233 1862 1292; x_wconf 88' lang='lat' dir='ltr'>vi-</span> 
     </span>
     <span class='ocr_line' id='line_1_13' title="bbox 136 1322 1860 1402; baseline -0.001 -21"><span class='ocrx_word' id='word_1_122' title='bbox 136 1343 256 1381; x_wconf 90' lang='lat' dir='ltr'>sum</span> <span class='ocrx_word' id='word_1_123' title='bbox 281 1345 388 1382; x_wconf 90' lang='lat' dir='ltr'>esse</span> <span class='ocrx_word' id='word_1_124' title='bbox 420 1346 450 1381; x_wconf 93' lang='lat' dir='ltr'>a</span> <span class='ocrx_word' id='word_1_125' title='bbox 475 1323 720 1383; x_wconf 88' lang='lat' dir='ltr'>muliere.</span> <span class='ocrx_word' id='word_1_126' title='bbox 758 1325 1275 1381; x_wconf 87' lang='lat' dir='ltr'>Demonstraturum</span> <span class='ocrx_word' id='word_1_127' title='bbox 1310 1334 1363 1379; x_wconf 91' lang='lat' dir='ltr'>te</span> <span class='ocrx_word' id='word_1_128' title='bbox 1404 1322 1615 1402; x_wconf 88' lang='lat' dir='ltr'>quippe</span> <span class='ocrx_word' id='word_1_129' title='bbox 1645 1322 1860 1402; x_wconf 90' lang='lat' dir='ltr'>promi-</span> 
     </span>
     <span class='ocr_line' id='line_1_14' title="bbox 128 1408 1859 1491; baseline 0.001 -22"><span class='ocrx_word' id='word_1_130' title='bbox 128 1432 270 1469; x_wconf 85' lang='lat' dir='ltr'>seras</span> <span class='ocrx_word' id='word_1_131' title='bbox 288 1458 303 1482; x_wconf 82' lang='lat'>,</span> <span class='ocrx_word' id='word_1_132' title='bbox 346 1424 399 1469; x_wconf 94' lang='lat' dir='ltr'>et</span> <span class='ocrx_word' id='word_1_133' title='bbox 441 1424 731 1491; x_wconf 86' lang='lat' dir='ltr'>antequam</span> <span class='ocrx_word' id='word_1_134' title='bbox 764 1411 1141 1470; x_wconf 84' lang='lat' dir='ltr'>incarnaretur</span> <span class='ocrx_word' id='word_1_135' title='bbox 1179 1411 1357 1469; x_wconf 91' lang='lat' dir='ltr'>visum</span> <span class='ocrx_word' id='word_1_136' title='bbox 1385 1408 1548 1468; x_wconf 88' lang='lat' dir='ltr'>fuisse</span> <span class='ocrx_word' id='word_1_137' title='bbox 1600 1410 1859 1470; x_wconf 90' lang='lat' dir='ltr'>humanis</span> 
     </span>
     <span class='ocr_line' id='line_1_15' title="bbox 131 1497 1857 1579; baseline 0.001 -24"><span class='ocrx_word' id='word_1_138' title='bbox 131 1498 442 1579; x_wconf 88' lang='lat' dir='ltr'>aspectibus</span> <span class='ocrx_word' id='word_1_139' title='bbox 486 1498 703 1558; x_wconf 89' lang='lat' dir='ltr'>Filium.</span> <span class='ocrx_word' id='word_1_140' title='bbox 759 1498 1000 1556; x_wconf 87' lang='lat' dir='ltr'>Ostende</span> <span class='ocrx_word' id='word_1_141' title='bbox 1040 1497 1308 1578; x_wconf 89' lang='lat' dir='ltr'>promissa</span> <span class='ocrx_word' id='word_1_142' title='bbox 1355 1520 1369 1554; x_wconf 72' lang='grc' dir='ltr'>ε</span> <span class='ocrx_word' id='word_1_143' title='bbox 1414 1497 1550 1577; x_wconf 17' lang='lat' dir='ltr'>qui-d</span> <span class='ocrx_word' id='word_1_144' title='bbox 1581 1499 1760 1579; x_wconf 83' lang='lat' dir='ltr'>pergis</span> <span class='ocrx_word' id='word_1_145' title='bbox 1798 1499 1857 1557; x_wconf 90' lang='lat' dir='ltr'>in</span> 
     </span>
     <span class='ocr_line' id='line_1_16' title="bbox 131 1585 1856 1666; baseline 0 -23"><span class='ocrx_word' id='word_1_146' title='bbox 131 1606 305 1644; x_wconf 87' lang='lat' dir='ltr'>vacua</span> <span class='ocrx_word' id='word_1_147' title='bbox 327 1590 351 1644; x_wconf 68' lang='grc' dir='ltr'>Ρ</span> <span class='ocrx_word' id='word_1_148' title='bbox 376 1585 528 1658; x_wconf 86' lang='lat' dir='ltr'>Quid</span> <span class='ocrx_word' id='word_1_149' title='bbox 564 1585 778 1644; x_wconf 89' lang='lat' dir='ltr'>deludis</span> <span class='ocrx_word' id='word_1_150' title='bbox 807 1586 1232 1666; x_wconf 89' lang='lat' dir='ltr'>expectationem</span> <span class='ocrx_word' id='word_1_151' title='bbox 1263 1596 1503 1643; x_wconf 88' lang='lat' dir='ltr'>nostram</span> <span class='ocrx_word' id='word_1_152' title='bbox 1528 1631 1544 1657; x_wconf 83' lang='lat'>‚</span> <span class='ocrx_word' id='word_1_153' title='bbox 1573 1606 1673 1644; x_wconf 91' lang='lat' dir='ltr'>nec</span> <span class='ocrx_word' id='word_1_154' title='bbox 1699 1586 1856 1646; x_wconf 87' lang='lat' dir='ltr'>exhi-</span> 
     </span>
     <span class='ocr_line' id='line_1_17' title="bbox 127 1671 1858 1753; baseline 0.001 -23"><span class='ocrx_word' id='word_1_155' title='bbox 127 1671 227 1751; x_wconf 87' lang='lat' dir='ltr'>bes</span> <span class='ocrx_word' id='word_1_156' title='bbox 255 1671 709 1753; x_wconf 89' lang='lat' dir='ltr'>pollicitationem</span> <span class='ocrx_word' id='word_1_157' title='bbox 751 1677 938 1731; x_wconf 72' lang='lat' dir='ltr'>tuam?</span> <span class='ocrx_word' id='word_1_158' title='bbox 971 1671 1310 1753; x_wconf 88' lang='lat' dir='ltr'>Multiplicas</span> <span class='ocrx_word' id='word_1_159' title='bbox 1337 1672 1507 1738; x_wconf 83' lang='lat' dir='ltr'>verba</span> <span class='ocrx_word' id='word_1_160' title='bbox 1534 1693 1645 1731; x_wconf 91' lang='lat' dir='ltr'>non</span> <span class='ocrx_word' id='word_1_161' title='bbox 1669 1694 1858 1740; x_wconf 87' lang='lat' dir='ltr'>neces-</span> 
     </span>
     <span class='ocr_line' id='line_1_18' title="bbox 125 1759 1858 1843; baseline 0.001 -25"><span class='ocrx_word' id='word_1_162' title='bbox 125 1759 292 1833; x_wconf 83' lang='lat' dir='ltr'>saria,</span> <span class='ocrx_word' id='word_1_163' title='bbox 322 1774 386 1819; x_wconf 91' lang='lat' dir='ltr'>ut</span> <span class='ocrx_word' id='word_1_164' title='bbox 412 1761 708 1820; x_wconf 89' lang='lat' dir='ltr'>necessaria</span> <span class='ocrx_word' id='word_1_165' title='bbox 739 1782 975 1843; x_wconf 92' lang='lat' dir='ltr'>occupes</span> <span class='ocrx_word' id='word_1_166' title='bbox 996 1774 1262 1843; x_wconf 90' lang='lat' dir='ltr'>tempora.</span> <span class='ocrx_word' id='word_1_167' title='bbox 1301 1760 1358 1818; x_wconf 90' lang='lat' dir='ltr'>Si</span> <span class='ocrx_word' id='word_1_168' title='bbox 1389 1773 1681 1842; x_wconf 87' lang='lat' dir='ltr'>propterea</span> <span class='ocrx_word' id='word_1_169' title='bbox 1713 1762 1858 1820; x_wconf 90' lang='lat' dir='ltr'>visus</span> 
     </span>
     <span class='ocr_line' id='line_1_19' title="bbox 126 1846 1858 1935; baseline 0.003 -31"><span class='ocrx_word' id='word_1_170' title='bbox 126 1860 205 1905; x_wconf 93' lang='lat' dir='ltr'>est</span> <span class='ocrx_word' id='word_1_171' title='bbox 225 1869 256 1905; x_wconf 88' lang='lat' dir='ltr'>a</span> <span class='ocrx_word' id='word_1_172' title='bbox 279 1848 397 1908; x_wconf 87' lang='lat' dir='ltr'>viro</span> <span class='ocrx_word' id='word_1_173' title='bbox 429 1848 596 1907; x_wconf 91' lang='lat' dir='ltr'>Filius</span> <span class='ocrx_word' id='word_1_174' title='bbox 615 1849 746 1930; x_wconf 91' lang='lat' dir='ltr'>quia</span> <span class='ocrx_word' id='word_1_175' title='bbox 774 1847 904 1907; x_wconf 89' lang='lat' dir='ltr'>fecit</span> <span class='ocrx_word' id='word_1_176' title='bbox 923 1870 1077 1924; x_wconf 87' lang='lat' dir='ltr'>eum,</span> <span class='ocrx_word' id='word_1_177' title='bbox 1103 1861 1156 1907; x_wconf 92' lang='lat' dir='ltr'>et</span> <span class='ocrx_word' id='word_1_178' title='bbox 1176 1847 1470 1935; x_wconf 81' lang='lat' dir='ltr'>propterea</span> <span class='ocrx_word' id='word_1_179' title='bbox 1486 1848 1633 1908; x_wconf 86' lang='lat' dir='ltr'>visus</span> <span class='ocrx_word' id='word_1_180' title='bbox 1654 1846 1858 1927; x_wconf 83' lang='lat' dir='ltr'>ab&#39;ejus</span> 
     </span>
     <span class='ocr_line' id='line_1_20' title="bbox 127 1936 1856 2019; baseline 0.002 -26"><span class='ocrx_word' id='word_1_181' title='bbox 127 1936 354 2007; x_wconf 87' lang='lat' dir='ltr'>muliere</span> <span class='ocrx_word' id='word_1_182' title='bbox 375 1937 505 2019; x_wconf 92' lang='lat' dir='ltr'>quia</span> <span class='ocrx_word' id='word_1_183' title='bbox 523 1937 653 1996; x_wconf 88' lang='lat' dir='ltr'>fecit</span> <span class='ocrx_word' id='word_1_184' title='bbox 674 1959 823 2009; x_wconf 88' lang='lat' dir='ltr'>eam;</span> <span class='ocrx_word' id='word_1_185' title='bbox 853 1937 1054 2010; x_wconf 87' lang='lat' dir='ltr'>defini,</span> <span class='ocrx_word' id='word_1_186' title='bbox 1083 1937 1126 1996; x_wconf 92' lang='lat' dir='ltr'>si</span> <span class='ocrx_word' id='word_1_187' title='bbox 1147 1936 1314 1995; x_wconf 86' lang='lat' dir='ltr'>audes</span> <span class='ocrx_word' id='word_1_188' title='bbox 1329 1983 1344 2008; x_wconf 85' lang='lat'>‚</span> <span class='ocrx_word' id='word_1_189' title='bbox 1379 1958 1492 1995; x_wconf 91' lang='lat' dir='ltr'>non</span> <span class='ocrx_word' id='word_1_190' title='bbox 1508 1958 1663 2018; x_wconf 90' lang='lat' dir='ltr'>posse</span> <span class='ocrx_word' id='word_1_191' title='bbox 1680 1938 1856 1996; x_wconf 90' lang='lat' dir='ltr'>Deum</span> 
     </span>
     <span class='ocr_line' id='line_1_21' title="bbox 127 2020 1856 2109; baseline 0.002 -27"><span class='ocrx_word' id='word_1_192' title='bbox 127 2024 332 2083; x_wconf 92' lang='lat' dir='ltr'>Filium</span> <span class='ocrx_word' id='word_1_193' title='bbox 350 2072 365 2096; x_wconf 86' lang='lat'>‚</span> <span class='ocrx_word' id='word_1_194' title='bbox 398 2038 451 2084; x_wconf 91' lang='lat' dir='ltr'>et</span> <span class='ocrx_word' id='word_1_195' title='bbox 479 2026 693 2106; x_wconf 91' lang='lat' dir='ltr'>operari</span> <span class='ocrx_word' id='word_1_196' title='bbox 717 2025 955 2086; x_wconf 89' lang='lat' dir='ltr'>videntia</span> <span class='ocrx_word' id='word_1_197' title='bbox 976 2073 992 2099; x_wconf 87' lang='lat'>‚</span> <span class='ocrx_word' id='word_1_198' title='bbox 1020 2039 1074 2084; x_wconf 91' lang='lat' dir='ltr'>et</span> <span class='ocrx_word' id='word_1_199' title='bbox 1098 2049 1128 2084; x_wconf 91' lang='lat' dir='ltr'>a</span> <span class='ocrx_word' id='word_1_200' title='bbox 1157 2026 1264 2084; x_wconf 91' lang='lat' dir='ltr'>suis</span> <span class='ocrx_word' id='word_1_201' title='bbox 1292 2020 1551 2107; x_wconf 82' lang='lat' dir='ltr'>operibus</span> <span class='ocrx_word' id='word_1_202' title='bbox 1568 2072 1583 2097; x_wconf 88' lang='grc'>,</span> <span class='ocrx_word' id='word_1_203' title='bbox 1605 2026 1856 2109; x_wconf 86' lang='lat' dir='ltr'>quamvis</span> 
     </span>
     <span class='ocr_line' id='line_1_22' title="bbox 127 2112 1856 2195; baseline 0.002 -24"><span class='ocrx_word' id='word_1_204' title='bbox 127 2112 229 2172; x_wconf 90' lang='lat' dir='ltr'>alia</span> <span class='ocrx_word' id='word_1_205' title='bbox 262 2113 578 2174; x_wconf 88' lang='lat' dir='ltr'>videntibus</span> <span class='ocrx_word' id='word_1_206' title='bbox 598 2162 614 2188; x_wconf 86' lang='lat'>‚</span> <span class='ocrx_word' id='word_1_207' title='bbox 646 2137 760 2174; x_wconf 91' lang='lat' dir='ltr'>non</span> <span class='ocrx_word' id='word_1_208' title='bbox 802 2115 996 2180; x_wconf 89' lang='lat' dir='ltr'>videri.</span> <span class='ocrx_word' id='word_1_209' title='bbox 1043 2116 1102 2173; x_wconf 91' lang='lat' dir='ltr'>Si</span> <span class='ocrx_word' id='word_1_210' title='bbox 1138 2127 1321 2173; x_wconf 86' lang='lat' dir='ltr'>autem</span> <span class='ocrx_word' id='word_1_211' title='bbox 1351 2115 1462 2172; x_wconf 90' lang='lat' dir='ltr'>hoc</span> <span class='ocrx_word' id='word_1_212' title='bbox 1497 2126 1676 2195; x_wconf 88' lang='lat' dir='ltr'>potest</span> <span class='ocrx_word' id='word_1_213' title='bbox 1709 2115 1856 2174; x_wconf 92' lang='lat' dir='ltr'>Deus</span> 
     </span>
     <span class='ocr_line' id='line_1_23' title="bbox 128 2198 1851 2302; baseline 0.002 -43"><span class='ocrx_word' id='word_1_214' title='bbox 128 2201 353 2274; x_wconf 86' lang='lat' dir='ltr'>Filius,</span> <span class='ocrx_word' id='word_1_215' title='bbox 340 2224 455 2284; x_wconf 79' lang='lat' dir='ltr'>lpse</span> <span class='ocrx_word' id='word_1_216' title='bbox 469 2204 679 2286; x_wconf 90' lang='lat' dir='ltr'>quippe</span> <span class='ocrx_word' id='word_1_217' title='bbox 703 2225 874 2285; x_wconf 87' lang='lat' dir='ltr'>usque</span> <span class='ocrx_word' id='word_1_218' title='bbox 893 2225 1042 2262; x_wconf 91' lang='lat' dir='ltr'>nunc</span> <span class='ocrx_word' id='word_1_219' title='bbox 1046 2216 1320 2302; x_wconf 88' lang='lat' dir='ltr'>operatur</span> <span class='ocrx_word' id='word_1_220' title='bbox 1338 2215 1537 2261; x_wconf 87' lang='lat' dir='ltr'>cuncta</span> <span class='ocrx_word' id='word_1_221' title='bbox 1553 2198 1851 2277; x_wconf 78' lang='lat' dir='ltr'>videntia1,</span> 
     </span>
     <span class='ocr_line' id='line_1_24' title="bbox 124 2251 1858 2391; baseline 0.002 -44"><span class='ocrx_word' id='word_1_222' title='bbox 124 2302 178 2347; x_wconf 94' lang='lat' dir='ltr'>et</span> <span class='ocrx_word' id='word_1_223' title='bbox 199 2303 381 2349; x_wconf 92' lang='lat' dir='ltr'>tamen</span> <span class='ocrx_word' id='word_1_224' title='bbox 407 2312 594 2350; x_wconf 89' lang='lat' dir='ltr'>eorum</span> <span class='ocrx_word' id='word_1_225' title='bbox 622 2314 653 2350; x_wconf 89' lang='lat' dir='ltr'>a</span> <span class='ocrx_word' id='word_1_226' title='bbox 674 2314 727 2351; x_wconf 93' lang='lat' dir='ltr'>se</span> <span class='ocrx_word' id='word_1_227' title='bbox 749 2292 870 2391; x_wconf 86' lang='lat' dir='ltr'>ipso</span> <span class='ocrx_word' id='word_1_228' title='bbox 896 2291 1086 2350; x_wconf 88' lang='lat' dir='ltr'>creatis</span> <span class='ocrx_word' id='word_1_229' title='bbox 1111 2291 1283 2350; x_wconf 91' lang='lat' dir='ltr'>oculis</span> <span class='ocrx_word' id='word_1_230' title='bbox 1304 2313 1415 2349; x_wconf 90' lang='lat' dir='ltr'>non</span> <span class='ocrx_word' id='word_1_231' title='bbox 1438 2290 1691 2360; x_wconf 82' lang='lat' dir='ltr'>videtur3</span> <span class='ocrx_word' id='word_1_232' title='bbox 1722 2251 1858 2372; x_wconf 89' lang='lat' dir='ltr'>quid</span> 
     </span>
     <span class='ocr_line' id='line_1_25' title="bbox 125 2378 1856 2513; baseline 0.002 -77"><span class='ocrx_word' id='word_1_233' title='bbox 125 2381 204 2436; x_wconf 88' lang='lat' dir='ltr'>est</span> <span class='ocrx_word' id='word_1_234' title='bbox 235 2378 392 2513; x_wconf 78' lang='lat' dir='ltr'>quod</span> <span class='ocrx_word' id='word_1_235' title='bbox 411 2378 624 2438; x_wconf 74' lang='lat' dir='ltr'>dixisti?</span> <span class='ocrx_word' id='word_1_236' title='bbox 646 2400 746 2438; x_wconf 90' lang='lat' dir='ltr'>cur</span> <span class='ocrx_word' id='word_1_237' title='bbox 761 2380 864 2439; x_wconf 91' lang='lat' dir='ltr'>ista</span> <span class='ocrx_word' id='word_1_238' title='bbox 883 2380 951 2439; x_wconf 93' lang='lat' dir='ltr'>de</span> <span class='ocrx_word' id='word_1_239' title='bbox 970 2380 1116 2440; x_wconf 89' lang='lat' dir='ltr'>libro</span> <span class='ocrx_word' id='word_1_240' title='bbox 1132 2379 1432 2438; x_wconf 89' lang='lat' dir='ltr'>Geneseos</span> <span class='ocrx_word' id='word_1_241' title='bbox 1417 2401 1474 2437; x_wconf 86' lang='lat' dir='ltr'>in</span> <span class='ocrx_word' id='word_1_242' title='bbox 1493 2392 1590 2438; x_wconf 91' lang='lat' dir='ltr'>tuo</span> <span class='ocrx_word' id='word_1_243' title='bbox 1613 2401 1856 2439; x_wconf 88' lang='lat' dir='ltr'>sermone</span> 
     </span>
     <span class='ocr_line' id='line_1_26' title="bbox 123 2466 1854 2612; baseline 0.002 -87"><span class='ocrx_word' id='word_1_244' title='bbox 123 2466 392 2612; x_wconf 66' lang='lat' dir='ltr'>posuisti?</span> <span class='ocrx_word' id='word_1_245' title='bbox 418 2488 517 2527; x_wconf 92' lang='lat' dir='ltr'>cur</span> <span class='ocrx_word' id='word_1_246' title='bbox 540 2468 701 2526; x_wconf 91' lang='lat' dir='ltr'>nobis</span> <span class='ocrx_word' id='word_1_247' title='bbox 721 2467 1015 2527; x_wconf 90' lang='lat' dir='ltr'>necessaria</span> <span class='ocrx_word' id='word_1_248' title='bbox 1038 2481 1348 2550; x_wconf 87' lang='lat' dir='ltr'>temporum</span> <span class='ocrx_word' id='word_1_249' title='bbox 1374 2468 1550 2549; x_wconf 88' lang='lat' dir='ltr'>spatia</span> <span class='ocrx_word' id='word_1_250' title='bbox 1576 2468 1854 2549; x_wconf 89' lang='lat' dir='ltr'>superflua</span> 
     </span>
     <span class='ocr_line' id='line_1_27' title="bbox 147 2555 701 2636; baseline 0.002 -23"><span class='ocrx_word' id='word_1_251' title='bbox 147 2555 455 2636; x_wconf 87' lang='lat' dir='ltr'>oquacitate</span> <span class='ocrx_word' id='word_1_252' title='bbox 489 2556 701 2614; x_wconf 68' lang='lat' dir='ltr'>finisti?</span> 
     </span>
    </p>

    <p class='ocr_par' dir='ltr' id='par_1_3' title="bbox 125 2642 1854 3169">
     <span class='ocr_line' id='line_1_28' title="bbox 206 2642 1851 2726; baseline 0.003 -29"><span class='ocrx_word' id='word_1_253' title='bbox 206 2643 264 2715; x_wconf 74' lang='lat'>4⁰</span> <span class='ocrx_word' id='word_1_254' title='bbox 308 2668 335 2697; x_wconf 71' lang='lat' dir='ltr'>c&lt;</span> <span class='ocrx_word' id='word_1_255' title='bbox 365 2642 473 2702; x_wconf 88' lang='lat' dir='ltr'>Sed</span> <span class='ocrx_word' id='word_1_256' title='bbox 492 2643 591 2702; x_wconf 90' lang='lat' dir='ltr'>iste</span> <span class='ocrx_word' id='word_1_257' title='bbox 611 2691 626 2717; x_wconf 87' lang='lat'>‚</span> <span class='ocrx_word' id='word_1_258' title='bbox 651 2643 834 2726; x_wconf 91' lang='lat' dir='ltr'>inquis</span> <span class='ocrx_word' id='word_1_259' title='bbox 852 2691 867 2717; x_wconf 87' lang='lat'><strong><em>‚</em></strong></span> <span class='ocrx_word' id='word_1_260' title='bbox 901 2643 1069 2704; x_wconf 92' lang='lat' dir='ltr'>Filius</span> <span class='ocrx_word' id='word_1_261' title='bbox 1090 2643 1234 2704; x_wconf 89' lang='lat' dir='ltr'>visus</span> <span class='ocrx_word' id='word_1_262' title='bbox 1255 2656 1334 2702; x_wconf 92' lang='lat' dir='ltr'>est</span> <span class='ocrx_word' id='word_1_263' title='bbox 1355 2643 1520 2716; x_wconf 82' lang='lat' dir='ltr'>Adae,</span> <span class='ocrx_word' id='word_1_264' title='bbox 1549 2643 1851 2703; x_wconf 91' lang='lat' dir='ltr'>secundum</span> 
     </span>
     <span class='ocr_line' id='line_1_29' title="bbox 125 2729 1850 2808; baseline 0.002 -22"><span class='ocrx_word' id='word_1_265' title='bbox 125 2729 276 2808; x_wconf 90' lang='lat' dir='ltr'>quod</span> <span class='ocrx_word' id='word_1_266' title='bbox 302 2730 530 2806; x_wconf 85' lang='lat' dir='ltr'>legimus</span> <span class='ocrx_word' id='word_1_267' title='bbox 553 2731 730 2791; x_wconf 89' lang='lat' dir='ltr'>Adam</span> <span class='ocrx_word' id='word_1_268' title='bbox 756 2732 1027 2792; x_wconf 90' lang='lat' dir='ltr'>dicentem</span> <span class='ocrx_word' id='word_1_269' title='bbox 1060 2755 1074 2789; x_wconf 73' lang='grc' dir='ltr'>ε</span> <span class='ocrx_word' id='word_1_270' title='bbox 1101 2729 1349 2791; x_wconf 86' lang='lat' dir='ltr'>«Vocem</span> <span class='ocrx_word' id='word_1_271' title='bbox 1366 2745 1517 2791; x_wconf 88' lang='lat' dir='ltr'>tuam</span> <span class='ocrx_word' id='word_1_272' title='bbox 1547 2731 1734 2792; x_wconf 88' lang='lat' dir='ltr'>audivi</span> <span class='ocrx_word' id='word_1_273' title='bbox 1757 2731 1850 2790; x_wconf 92' lang='lat' dir='ltr'>de-</span> 
     </span>
     <span class='ocr_line' id='line_1_30' title="bbox 126 2817 1849 2902; baseline 0.004 -30"><span class='ocrx_word' id='word_1_274' title='bbox 126 2842 153 2870; x_wconf 87' lang='lat'>»</span> <span class='ocrx_word' id='word_1_275' title='bbox 183 2817 513 2876; x_wconf 88' lang='lat' dir='ltr'>ambulantis</span> <span class='ocrx_word' id='word_1_276' title='bbox 540 2819 600 2877; x_wconf 91' lang='lat' dir='ltr'>in</span> <span class='ocrx_word' id='word_1_277' title='bbox 630 2820 886 2900; x_wconf 91' lang='lat' dir='ltr'>paradiso</span> <span class='ocrx_word' id='word_1_278' title='bbox 904 2868 920 2894; x_wconf 85' lang='lat'><strong>,</strong></span> <span class='ocrx_word' id='word_1_279' title='bbox 964 2834 1018 2880; x_wconf 76' lang='lat' dir='ltr'>e&#39;t</span> <span class='ocrx_word' id='word_1_280' title='bbox 1058 2819 1326 2880; x_wconf 92' lang='lat' dir='ltr'>abscondi</span> <span class='ocrx_word' id='word_1_281' title='bbox 1357 2842 1444 2878; x_wconf 91' lang='lat' dir='ltr'>me</span> <span class='ocrx_word' id='word_1_282' title='bbox 1487 2819 1618 2902; x_wconf 87' lang='lat' dir='ltr'>quia</span> <span class='ocrx_word' id='word_1_283' title='bbox 1666 2819 1849 2879; x_wconf 90' lang='lat' dir='ltr'>nudus</span> 
     </span>
     <span class='ocr_line' id='line_1_31' title="bbox 128 2905 1854 2990; baseline 0.003 -26"><span class='ocrx_word' id='word_1_284' title='bbox 128 2930 156 2958; x_wconf 76' lang='lat'>³&gt;</span> <span class='ocrx_word' id='word_1_285' title='bbox 183 2905 361 2966; x_wconf 82' lang='lat' dir='ltr'>sum2.</span> <span class='ocrx_word' id='word_1_286' title='bbox 386 2933 414 2958; x_wconf 72' lang='lat'>³&gt;</span> <span class='ocrx_word' id='word_1_287' title='bbox 444 2907 566 2966; x_wconf 89' lang='lat' dir='ltr'>Hoc</span> <span class='ocrx_word' id='word_1_288' title='bbox 586 2930 712 2986; x_wconf 83' lang='lat' dir='ltr'>ergo</span> <span class='ocrx_word' id='word_1_289' title='bbox 739 2910 893 2990; x_wconf 91' lang='lat' dir='ltr'>prius</span> <span class='ocrx_word' id='word_1_290' title='bbox 916 2908 1121 2974; x_wconf 73' lang='lat' dir='ltr'>diceres</span> <span class='ocrx_word' id='word_1_291' title='bbox 1141 2956 1160 2987; x_wconf 82' lang='lat'>,</span> <span class='ocrx_word' id='word_1_292' title='bbox 1191 2910 1364 2969; x_wconf 89' lang='lat' dir='ltr'>homo</span> <span class='ocrx_word' id='word_1_293' title='bbox 1396 2910 1572 2982; x_wconf 86' lang='lat' dir='ltr'>bone,</span> <span class='ocrx_word' id='word_1_294' title='bbox 1614 2908 1744 2969; x_wconf 92' lang='lat' dir='ltr'>inde</span> <span class='ocrx_word' id='word_1_295' title='bbox 1763 2909 1854 2969; x_wconf 90' lang='lat' dir='ltr'>in-</span> 
     </span>
     <span class='ocr_line' id='line_1_32' title="bbox 125 2991 1852 3076; baseline 0.002 -24"><span class='ocrx_word' id='word_1_296' title='bbox 125 2991 333 3075; x_wconf 91' lang='lat' dir='ltr'>ciperes</span> <span class='ocrx_word' id='word_1_297' title='bbox 356 2996 623 3076; x_wconf 90' lang='lat' dir='ltr'>promissa</span> <span class='ocrx_word' id='word_1_298' title='bbox 644 3012 961 3060; x_wconf 91' lang='lat' dir='ltr'>monstrare.</span> <span class='ocrx_word' id='word_1_299' title='bbox 1003 2999 1268 3072; x_wconf 86' lang='lat' dir='ltr'>Quamvis</span> <span class='ocrx_word' id='word_1_300' title='bbox 1291 3011 1344 3058; x_wconf 90' lang='lat' dir='ltr'>et</span> <span class='ocrx_word' id='word_1_301' title='bbox 1365 2999 1459 3057; x_wconf 81' lang='lat' dir='ltr'>hic</span> <span class='ocrx_word' id='word_1_302' title='bbox 1482 2997 1659 3058; x_wconf 90' lang='lat' dir='ltr'>Adam</span> <span class='ocrx_word' id='word_1_303' title='bbox 1675 3044 1692 3071; x_wconf 89' lang='lat'><strong><em>,</em></strong></span> <span class='ocrx_word' id='word_1_304' title='bbox 1714 2997 1852 3056; x_wconf 86' lang='lat' dir='ltr'>«Vo-</span> 
     </span>
     <span class='ocr_line' id='line_1_33' title="bbox 127 3084 1852 3169; baseline 0.003 -28"><span class='ocrx_word' id='word_1_305' title='bbox 127 3108 155 3137; x_wconf 88' lang='lat'>›&gt;</span> <span class='ocrx_word' id='word_1_306' title='bbox 192 3103 312 3143; x_wconf 93' lang='lat' dir='ltr'>cem</span> <span class='ocrx_word' id='word_1_307' title='bbox 340 3097 493 3145; x_wconf 88' lang='lat' dir='ltr'>tuam</span> <span class='ocrx_word' id='word_1_308' title='bbox 514 3132 529 3158; x_wconf 86' lang='lat'>‚</span> <span class='ocrx_word' id='word_1_309' title='bbox 559 3084 772 3169; x_wconf 89' lang='lat' dir='ltr'>inquit,</span> <span class='ocrx_word' id='word_1_310' title='bbox 806 3087 1028 3152; x_wconf 83' lang='lat' dir='ltr'>audivi:</span> <span class='ocrx_word' id='word_1_311' title='bbox 1053 3115 1082 3146; x_wconf 75' lang='grc' dir='ltr'>ιο</span> <span class='ocrx_word' id='word_1_312' title='bbox 1107 3109 1219 3150; x_wconf 81' lang='grc' dir='ltr'>ιιοιι</span> <span class='ocrx_word' id='word_1_313' title='bbox 1249 3088 1352 3162; x_wconf 87' lang='lat' dir='ltr'>ait,</span> <span class='ocrx_word' id='word_1_314' title='bbox 1389 3087 1606 3148; x_wconf 88' lang='lat' dir='ltr'>Faciem</span> <span class='ocrx_word' id='word_1_315' title='bbox 1628 3086 1713 3147; x_wconf 90' lang='lat' dir='ltr'>vel</span> <span class='ocrx_word' id='word_1_316' title='bbox 1731 3108 1852 3169; x_wconf 91' lang='lat' dir='ltr'>spe-</span> 
     </span>
    </p>

    <p class='ocr_par' dir='ltr' id='par_1_4' title="bbox 224 3186 915 3245">
     <span class='ocr_line' id='line_1_34' title="bbox 224 3186 915 3245; baseline 0.009 -18"><span class='ocrx_word' id='word_1_317' title='bbox 224 3188 355 3232; x_wconf 82' lang='lat' dir='ltr'>Joan.</span> <span class='ocrx_word' id='word_1_318' title='bbox 376 3201 420 3245; x_wconf 80' lang='lat' dir='ltr'>v,</span> <span class='ocrx_word' id='word_1_319' title='bbox 449 3201 520 3241; x_wconf 86' lang='lat'>17.</span> <span class='ocrx_word' id='word_1_320' title='bbox 538 3210 597 3220; x_wconf 96' lang='lat'><strong>—</strong></span> <span class='ocrx_word' id='word_1_321' title='bbox 619 3186 640 3220; x_wconf 82' lang='lat'><em>2</em></span> <span class='ocrx_word' id='word_1_322' title='bbox 661 3190 770 3235; x_wconf 87' lang='lat' dir='ltr'>Gen.</span> <span class='ocrx_word' id='word_1_323' title='bbox 786 3204 856 3242; x_wconf 78' lang='grc' dir='ltr'>ιιι,</span> <span class='ocrx_word' id='word_1_324' title='bbox 872 3204 915 3244; x_wconf 83' lang='grc'>9.</span> 
     </span>
    </p>

    <p class='ocr_par' dir='ltr' id='par_1_5' title="bbox 1602 3272 1695 3312">
     <span class='ocr_line' id='line_1_35' title="bbox 1602 3272 1695 3312; baseline 0 -1"><span class='ocrx_word' id='word_1_325' title='bbox 1602 3272 1622 3311; x_wconf 90' lang='lat'>1</span> <span class='ocrx_word' id='word_1_326' title='bbox 1642 3273 1663 3312; x_wconf 83' lang='grc' dir='ltr'>ι</span> <span class='ocrx_word' id='word_1_327' title='bbox 1678 3294 1695 3311; x_wconf 88' lang='grc'><strong>.</strong></span> 
     </span>
    </p>
   </div>
  </div>
 </body>
</html>
