2144 3808
387 229 611 271 coNTRA
653 229 986 287 ΜΑΧιΜιΝιιιι
1029 229 1308 285 Animum,
1356 232 1584 275 LIB.11.
1749 215 1859 297 175

145 311 365 397 Patrem
391 313 568 385 Deum
595 331 705 385 esse
736 310 1021 379 Abraham
1065 323 1119 384 et
1155 313 1308 382 Isaac
1339 328 1394 372 et
1432 316 1466 377 J
1470 316 1655 387 acob
1679 317 1721 375 si
1749 337 1862 389 ιιοιι

142 392 259 479 ipse
279 397 347 464 de
365 392 536 481 rubo,
561 379 654 462 sed
678 397 848 456 Filius
867 395 1212 478 loquebatur.
1241 399 1298 468 Si
1322 413 1503 463 autem
1525 404 1708 476 Pater,
1734 426 1864 462 con-

145 487 297 546 fitere
326 483 498 545 etiam
540 486 760 553 Patrem
801 487 977 544 Deum
1027 486 1347 552 hominibus
1381 489 1584 559 visum.
1639 491 1698 549 Si
1736 511 1864 552 vero

146 588 371 656 uterque
394 587 473 633 est
501 575 651 634 Deus
674 561 957 637 Abraham
988 587 1042 632 et
1062 576 1209 639 Deus
1230 576 1382 634 Isaac
1411 589 1464 635 et
1479 578 1624 636 Deus
1647 578 1825 637 Jacob
1845 626 1860 650 ,

143 661 294 744 quod
321 662 679 734 esse'annuiS,
712 661 848 743 quid
871 662 1101 739 ambigis
1125 676 1420 745 utrumque
1454 686 1627 724 unum
1652 667 1865 725 Deum?

145 749 322 808 Jacob
339 749 548 832 quippe
570 750 686 832 ipse
709 763 787 808 est
810 749 982 808 Israel
998 796 1015 823 ,
1041 754 1198 828 cujus
1218 751 1343 819 filiis
1364 751 1569 811 dicitur
1594 776 1609 811 ι
1639 779 1665 807 <‹
1691 754 1862 826 Audi,

149 864 176 890 ›>
201 838 399 909 Israel,
432 838 700 896 Dominus
733 839 880 897 Deus
906 850 1034 897 tuus
1055 838 1324 898 Dominus
1354 861 1496 899 unus
1523 840 1656 902 estl.
1689 869 1719 916 η

237 947 255 984 ι
271 937 328 984 2⁰
345 925 699 1006 Quapropter
716 947 907 986 verum
922 947 1031 985 esse
1055 949 1283 1004 agnosce
1309 928 1462 1009 quod
1494 929 1626 999 dixi,
1655 930 1868 990 Divini-

147 1025 312 1074 tatem
333 1035 443 1073 non
475 1036 574 1094 per
595 1015 957 1077 substantiam
974 1037 1148 1087 suam,
1181 1016 1239 1074 in
1256 1037 1367 1097 qua
1386 1017 1674 1077 invisibilis
1688 1019 1869 1077 etim-

146 1099 428 1166 mutabilis
452 1115 553 1173 est,
572 1101 664 1160 sed
675 1098 773 1184 per
791 1115 1096 1162 creaturam
1113 1103 1220 1177 sibi
1239 1104 1543 1180 subjectam
1556 1106 1871 1167 ‘mortalium

146 1187 316 1249 oculis
338 1189 652 1268 apparuisse
676 1211 803 1248 cum
832 1189 1023 1250 voluit.
1076 1190 1200 1248 Non
1242 1190 1423 1272 itaque
1463 1194 1603 1252 sicut
1626 1195 1874 1274 accipere

154 1274 239 1334 vel
255 1270 434 1356 accipi
451 1299 568 1335 mea
580 1278 748 1336 verba
758 1278 1005 1350 voluisti,
1026 1299 1123 1354 ego
1149 1278 1504 1339 Divinitatem
1525 1282 1601 1340 sic
1614 1283 1864 1362 patribus

155 1362 444 1422 ostendisse
457 1385 508 1421 se
526 1363 656 1435 dixi,
686 1379 949 1445 tanquam
969 1386 1086 1423 eam
1102 1365 1368 1425 voluerim
1387 1367 1539 1426 credi
1574 1369 1870 1441 visibilem,

147 1472 312 1531 quam
348 1451 503 1531 prius
534 1452 865 1513 invisibilem
895 1452 1133 1511 dixeram
1161 1475 1310 1512 esse.
1342 1455 1434 1513 sed
1463 1456 1594 1526 dixi,
1642 1457 1862 1537 quando

147 1560 200 1596 se
225 1539 479 1619 patribus
511 1540 779 1611 Divinitas
811 1540 1160 1611 ostendebat,
1186 1563 1286 1621 per
1317 1543 1622 1642 subjectam
1651 1558 1870 1602 creatu-

146 1648 262 1684 ram
282 1649 336 1686 se
354 1626 623 1686 visibilem
650 1620 1076 1689 demonstrabat.
1110 1629 1250 1688 Nam
1265 1651 1365 1728 per
1386 1631 1559 1711 ipsam
1585 1654 1738 1690 suam
1767 1654 1872 1692 na·-

150 1728 330 1774 turam
363 1736 534 1797 usque
566 1716 700 1775 adeo
741 1716 1028 1776 invisibilis
1057 1730 1157 1788 est,
1201 1731 1262 1775 ut
1288 1718 1404 1799 ipse
1435 1722 1645 1799 Moyses
1668 1721 1714 1778 ei
1743 1742 1872 1778 cum

148 1825 259 1884 quo
286 1803 425 1863 facie
449 1805 518 1863 ad
539 1804 733 1864 faciem
761 1806 1091 1887 loquebatur
1122 1806 1329 1865 diceret
1357 1830 1370 1865 ε
1405 1834 1431 1860 «
1451 1808 1509 1866 Si
1531 1810 1715 1868 inveni
1746 1831 1872 1885 gra-

150 1918 175 1944 »
207 1893 338 1950 tiam
364 1906 487 1951 ante
515 1906 589 1964 te,
627 1894 848 1953 ostende
892 1895 1034 1953 mihi
1065 1896 1413 1976 temetipsum
1444 1897 1725 1956 manifeste
1756 1899 1799 1957 2.
1843 1925 1869 1951 >2

149 1980 291 2038 Ecce
316 1980 468 2061 quod
495 1980 627 2054 dixi,
660 1982 862 2059 relege,
893 1995 946 2040 et
972 1983 1209 2043 invenies
1233 2005 1319 2042 me
1345 2005 1536 2044 verum
1573 1985 1751 2044 dicere
1774 2011 1789 2054 ;
1820 1999 1873 2043 te

149 2080 330 2133 autem
352 2090 464 2126 non
490 2069 786 2146 intelligere
820 2070 1051 2131 voluisse
1074 2117 1088 2142 ,
1136 2071 1222 2131 vel
1259 2093 1369 2130 non
1399 2073 1671 2152 potuisse,
1719 2073 1871 2153 quod

148 2153 275 2216 dixi.
299 2157 442 2216 Audi
455 2179 580 2234 ergo
601 2158 842 2240 idipsum
864 2180 950 2217 me
966 2159 1244 2239 aliquanto
1265 2161 1479 2240 planius
1498 2161 1863 2223 disserentem.

150 2246 265 2321 Ego
303 2246 657 2307 Divinitatem
680 2249 854 2307 Patris
886 2262 938 2306 et
975 2248 1098 2307 Filii
1130 2262 1183 2307 et
1213 2249 1449 2329 Spiritus
1495 2252 1668 2309 sancti
1694 2251 1752 2309 in
1781 2272 1876 2311 sua

148 2347 345 2392 natura
384 2349 546 2416 atque
593 2336 896 2395 substantia
942 2336 1267 2396 mortalibus
1318 2338 1488 2398 oculis
1545 2339 1875 2413 invisibilem

149 2419 294 2481 dico.
327 2422 463 2480 Eam
489 2444 617 2483 vero
637 2445 690 2481 se
717 2423 776 2482 in
794 2422 994 2484 formas
1016 2425 1254 2485 visibiles
1275 2439 1501 2498 vertere,
1527 2426 1668 2485 absit
1692 2441 1753 2486 ut
1782 2427 1874 2486 di-

149 2530 293 2582 cam,
321 2511 451 2591 quia
469 2524 522 2569 et
548 2512 949 2572 immutabilem
978 2512 1123 2572 dico,
1173 2515 1360 2572 Restat
1395 2535 1521 2591 ergo
1552 2528 1614 2573 ut
1637 2518 1874 2596 aspecti-

149 2597 254 2655 bus
278 2597 532 2658 humanis
558 2600 780 2682 quando
804 2623 856 2659 se
883 2600 1118 2659 ostendit
1147 2614 1208 2660 ut
1230 2601 1426 2674 voluit,
1452 2623 1551 2682 per
1573 2603 1875 2679 subjectam

149 2684 482 2762 intelligatur
511 2688 623 2747 hoc
648 2687 833 2748 fecisse
855 2702 1180 2762 creaturam,
1209 2710 1336 2770 quae
1364 2703 1546 2771 potest
1573 2692 1744 2751 oculis
1769 2714 1874 2773 ap-

151 2796 342 2854 parere
374 2777 716 2838 mortalibus,

251 2863 345 2922 13⁰
400 2863 552 2936 Quid
574 2878 654 2923 est
703 2878 887 2925 autem
926 2865 1076 2947 quod
1125 2886 1252 2925 cum
1300 2865 1367 2925 de
1409 2867 1572 2926 Patre
1621 2868 1877 2938 dixisses,

155 2977 182 3005 (ε
205 2951 360 3011 Unus
376 2964 454 3010 est
466 2952 782 3026 invisibilis,
797 2980 824 3009 ³>
841 2954 1016 3013 unde
995 2977 1113 3032 Jam
1135 2954 1261 3013 satis
1280 2968 1359 3014 est
1387 2955 1752 3037 disputatum,
1775 2958 1878 3017 ad-

157 3036 396 3098 didisti.
429 3066 457 3093 «
478 3040 632 3099 Unus
656 3040 822 3101 etiam
841 3041 1187 3124 incapabilis
1201 3055 1364 3125 atque
1385 3043 1712 3108 immensas?
1736 3073 1763 3101 >2
1787 3047 1877 3105 In-

218 3144 233 3174 ¹
252 3148 449 3197 Deut.v1,
472 3154 512 3194 4
525 3167 583 3178 -
602 3143 1033 3201 ²Exod.xxxm,13.
