2144 3808
279 327 358 404 54
808 350 856 391 s.
908 348 1221 390 ansusi-mr
1262 349 1521 391 EPISGOPI

281 428 489 501 sibilis,
523 441 664 490 unus
695 432 857 490 etiam
895 428 1225 514 incapabilis
1257 445 1417 514 atque
1446 434 1758 494 immensus,
1806 434 1924 494 Oro
1955 444 2010 494 et

284 531 417 600 opto
456 517 762 601 discipulus
802 541 912 578 csse
952 521 1260 580 divinarum
1303 523 1714 603 Scripturarum
1751 544 1920 581 :nam
1958 534 2012 582 ct

286 608 536 689 superius
563 608 727 667 credo
749 610 981 668 retinere.
1011 610 1326 686 religionem
1355 623 1509 668 tuam
1528 657 1543 682 ‚
1582 612 1735 693 quod
1779 612 1855 671 sic
1884 611 2014 671 dedi·

284 710 639 777 responsum,
665 697 795 777 quia
817 697 861 755 si
887 694 1212 777 protuleriS‚
1258 698 1411 780 quod
1454 699 1619 757 Pater
1659 714 1713 759 et
1753 701 1922 760 Filius
1959 705 2013 760 et

288 786 527 866 Spiritus
547 798 766 861 sanctus
790 806 959 843 unam
985 786 1230 845 habeant
1257 787 1543 866 virtutem2
1570 807 1735 846 uuam
1756 789 2015 848 substan-

287 875 418 932 tiam
436 919 450 944 ‚
479 885 646 934 unam
667 874 923 933 deitatem
945 915 961 947 -,
987 894 1154 934 unam
1180 881 1536 953 majestatem,
1569 887 1734 936 unam
1754 878 2012 956 gloriam3

287 964 331 1022 si
355 962 705 1022 affirmaveris
733 963 802 1022 de
829 964 1031 1023 divinis
1062 965 1367 1053 Scripturis
1386 1014 1400 1039 ,
1438 967 1482 1025 si
1510 966 1719 1026 alicubi
1755 967 2019 1049 scriptam

283 1053 575 1112 lectionem
603 1053 926 1133 protuleris,
955 1073 1056 1112 nos
1084 1054 1399 1115 divinarum
1424 1055 1841 1137 Scripturarum
1862 1066 2021 1137 epm·

289 1151 411 1209 nius
438 1143 670 1204 inveniri
695 1140 976 1225 discipuli.
1010 1171 1035 1197 >2

374 1233 703 1292 Maximinus
732 1234 1044 1314 Episcopus
1071 1233 1392 1315 subscripsi.

373 1323 446 1381 Et
470 1332 598 1403 post
625 1322 976 1382 collationem
1005 1324 1362 1404 praesentium
1389 1324 1756 1383 Aucus‘rmus
1783 1322 1884 1382 ista
1914 1322 2026 1385 dic-

295 1412 434 1471 tavit
461 1433 476 1470 2
503 1411 718 1471 Auxilio
745 1412 1068 1492 principum
1093 1413 1370 1470 munitum
1394 1421 1479 1471 me
1503 1411 1655 1493 loqui
1675 1411 1887 1483 dixisti,
1915 1422 2027 1472 non

295 1499 600 1559 secundum
621 1499 874 1558 timorem
896 1500 1001 1557 Dei
1036 1521 1051 1557 ι
1087 1499 1180 1558 sed
1203 1499 1528 1559 hominibus
1550 1547 1565 1572 ‚
1614 1499 1818 1581 quibus
1857 1500 2030 1560 donat

299 1591 447 1648 Deus
474 1587 844 1660 intellectum,
879 1589 1005 1646 satis
1033 1602 1263 1669 apparet
1291 1590 1413 1670 quis
1442 1588 1703 1669 loquatur
1728 1588 2030 1648 secundum

299 1680 549 1738 timorem
572 1677 705 1750 Dei,
741 1691 927 1735 utrum
955 1677 1054 1758 qui
1081 1677 1399 1735 obedienter
1428 1677 1582 1735 audit
1616 1678 1915 1737 Dominum
1938 1677 2031 1737 di-

298 1781 514 1828 centem
552 1789 566 1825 :
607 1766 834 1843 «Audi,
868 1766 1073 1838 Israel,
1111 1767 1381 1826 Dominus
1412 1767 1559 1825 Deus
1599 1779 1725 1826 tuus
1762 1768 2032 1827 Dominus

300 1885 326 1911 »
355 1877 496 1916 unus
537 1854 689 1925 est13
719 1881 745 1909 »
802 1855 956 1937 quod
1004 1875 1102 1913 nos
1145 1867 1199 1914 et
1236 1855 1682 1936 obtemperanter
1733 1855 1987 1915 audimus
2011 1903 2027 1929 ,

297 1960 350 2006 et
383 1945 619 2005 fideliter
648 1945 1016 2026 praedicamus
1044 1967 1058 2002 :
1087 1944 1267 2004 anille
1307 1945 1406 2027 qui
1436 1945 1547 2003 hoc
1585 1945 1663 2005 sic
1701 1944 1890 2004 audire
1920 1967 2032 2004 non

302 2036 444 2108 vult,
472 2050 534 2094 ut
561 2035 700 2093 duos
727 2034 980 2093 dominos
1008 2033 1137 2093 deos
1166 2056 1275 2093 esse
1306 2033 1639 2102 contendat3
1668 2046 1830 2116 atque
1853 2034 1928 2092 ita
1950 2035 2035 2093 in-

303 2124 647 2185 troducendo
674 2123 815 2183 duos
836 2123 964 2182 deos
991 2137 1046 2183 et
1069 2124 1206 2182 duos
1239 2123 1518 2196 dominos7
1562 2122 1813 2182 ostendat
1842 2145 1896 2182 se
1922 2135 2035 2182 non

302 2216 494 2275 timere
514 2235 687 2272 unum
707 2213 1010 2272 Dominum
1036 2214 1213 2271 Deum
1234 2212 1505 2271 dicentem
1531 2233 1546 2269 t
1569 2238 1596 2265 «
1615 2211 1762 2271 Audi
1788 2259 1802 2275 ,
1836 2211 2031 2285 Israel,

303 2332 330 2359 »
361 2303 634 2363 Dominus
671 2295 819 2361 Deus
860 2315 987 2360 tuus
1019 2302 1284 2360 Dominus
1331 2311 1474 2360 unus
1517 2313 1651 2360 est.»
1699 2301 1819 2360 Scis
1855 2314 2035 2360 autem

306 2413 609 2452 sermonem
653 2404 812 2449 tuum
864 2385 1290 2471 prolixissimum
1347 2410 1646 2471 occupasse
1698 2389 1860 2448 nobis
1893 2403 2037 2448 tem-

301 2480 452 2563 pora
468 2481 672 2561 quibus
700 2479 1029 2559 respondere
1051 2499 1330 2560 possemus
1349 2503 1364 2548 3
1391 2492 1445 2537 et
1463 2492 1678 2537 tantum
1700 2478 1808 2537 diei
1828 2489 2037 2536 reman-

305 2573 451 2642 sisse,
485 2582 757 2652 quantum
780 2570 1005 2627 omnino
1026 2591 1136 2628 non
1162 2568 1460 2641 suffit-eret,
1494 2581 1557 2626 ut
1583 2590 1644 2627 ea
1675 2589 1801 2649 quae
1830 2566 2031 2639 dixisti,

305 2660 495 2719 saltem
528 2659 690 2717 nobis
706 2658 1086 2735 relegerentur.
1112 2658 1338 2718 Noveris
1358 2671 1540 2715 tamen
1556 2656 1737 2714 omnia
1765 2676 1892 2736 quae
1911 2676 2039 2737 pro-

306 2750 510 2821 tulisti,
537 2761 599 2806 ut
626 2747 890 2828 probares
921 2749 1098 2806 Deum
1127 2768 1236 2806 esse
1277 2745 1478 2804 Filium
1510 2744 1645 2816 Dei,
1690 2758 1743 2803 et
1775 2766 2038 2822 magnum

306 2840 485 2897 Deum
508 2879 522 2909 s
565 2844 619 2894 et
642 2847 831 2893 natum
863 2857 972 2894 esse
997 2857 1057 2894 ex
1085 2836 1248 2894 Patre
1267 2881 1280 2905 ‚
1331 2846 1385 2892 et
1425 2832 1593 2891 alium
1621 2854 1731 2891 esse
1759 2833 1943 2915 ipsum
1987 2845 2042 2892 et

308 2927 472 2986 alium
502 2946 610 2982 esse
632 2925 875 2995 Patrem,
899 2924 1162 3004 quoniam
1180 2943 1290 2981 non
1311 2935 1391 2980 est
1418 2927 1579 2981 Pater
1595 2922 1711 3002 ipse
1732 2922 1829 3002 qui
1845 2921 2034 2994 Filius,

301 3015 371 3074 ad
400 3015 642 3089 ingentes
665 3032 841 3070 moras
866 3013 1188 3092 pertinuisse
1206 3058 1220 3085 ,
1260 3011 1466 3093 quibus
1490 3011 1853 3069 necessarium
1897 3023 2039 3068 tem-

307 3124 412 3187 pus
439 3119 733 3161 assumeres
771 3123 786 3159 ι
830 3102 988 3183 quasi
1024 3101 1184 3159 nobis
1224 3100 1319 3158 abs
1366 3112 1416 3159 te
1457 3098 1813 3181 probandum
1858 3111 2034 3172 esset,

305 3192 455 3278 quod
481 3206 535 3251 et
556 3213 653 3250 nos
675 3213 785 3250 esse
806 3211 994 3250 verum
1012 3190 1172 3249 satem
1182 3194 1279 3249 ur?
1298 3190 1422 3249 Non
1435 3191 1582 3251 enim
1600 3190 1836 3252 dicimus
1856 3190 2039 3272 ipsum

370 3301 381 3329 ¹
407 3304 527 3340 Dent.
546 3312 604 3350 vi,
636 3306 675 3344 4.
