2144 3808
334 271 442 332 192
661 293 668 301 ·
858 273 902 309 s.
958 273 1266 318 AUGUSTINI
1309 277 1562 319 Episcom

312 354 439 424 bis,
460 373 560 411 nec
584 353 747 411 Pater
759 356 985 435 proprie
1012 355 1326 419 nominatus
1347 375 1445 435 est,
1472 384 1572 421 nec
1598 363 1786 437 Filius,
1812 388 1910 426 nec
1928 367 2052 449 Spi-

322 443 460 502 ritus
487 454 704 500 sanctus
727 467 742 511 ;
775 442 868 501 sed
895 470 922 497 c<
950 447 1150 523 Beatus
1177 461 1230 505 et
1257 449 1402 508 solus
1422 465 1614 532 potens
1623 500 1639 526 ,
1662 455 1774 513 Rex
1793 476 1978 532 regum
1999 470 2052 515 et

324 557 352 585 2>
383 532 654 593 Dominus
676 530 1101 607 dominantium,
1121 561 1149 589 >2
1173 537 1323 616 quod
1353 552 1431 597 est
1457 561 1597 600 unus
1626 556 1679 602 et
1703 543 1846 602 solus
1868 557 1921 602 et
1954 565 2052 606 ve-

323 641 416 680 rus
430 621 576 678 Deus
593 621 712 699 ipsa
729 619 984 681 Trinitas,
2042 628 2045 632 ’

397 710 499 768 XI.
534 707 651 765 Nisi
678 705 817 767 forte
840 729 967 789 quae
990 726 1314 792 sequuntur,
1347 717 1753 795 perturbabunt
1781 719 1936 779 hunc
1961 721 2054 779 in-

315 796 618 870 tellectum,
646 796 776 877 quia
799 795 936 855 dixit
961 820 974 855 :
1006 825 1034 853 «
1051 800 1230 872 Quem
1259 823 1418 860 nemo
1433 803 1724 864 hominum
1750 806 1890 867 vidit
1914 854 1928 878 ‚
1954 829 2054 866 nec

317 913 344 941 »
373 885 556 947 videre
587 898 799 966 potest:
825 912 851 939 >2
877 907 1003 945 cum
1035 887 1146 947 hoc
1174 890 1338 948 etiam
1367 891 1438 949 ad
1467 892 1751 952 Christum
1774 895 2048 974 pertinere

318 974 625 1035 secundum
640 979 754 1051 ejus
775 974 1119 1034 divinitatem
1139 978 1466 1059 accipiatur,
1488 1003 1655 1062 quam
1675 1004 1786 1040 non
1803 983 2058 1042 viderunt

315 1062 524 1135 Judaei,
560 1063 658 1143 qui
677 1076 861 1120 tamen
888 1084 1107 1123 carnem
1134 1066 1394 1125 viderunt
1436 1082 1488 1126 et
1516 1071 1918 1130 crucifixerunt.
1945 1071 2058 1145 (Vi-

315 1151 434 1211 deri
463 1164 645 1210 autem
669 1150 930 1211 divinitas
961 1153 1208 1213 humano
1256 1157 1377 1216 visu
1423 1158 1577 1216 nullo
1629 1159 1793 1217 modo
1823 1173 2002 1240 potest
2036 1182 2049 1218 ε
2116 1152 2121 1156 ’

311 1241 406 1302 sed
422 1263 485 1300 eo
514 1241 636 1301 visu
656 1239 892 1313 videtur,
912 1264 1024 1323 quo
1042 1236 1162 1319 jam
1191 1245 1290 1326 qui
1314 1246 1525 1319 vident,
1558 1269 1671 1306 non
1694 1249 1945 1307 homines
1960 1249 2052 1308 sed

307 1332 453 1391 ultra
466 1330 714 1388 homines
744 1343 885 1389 sunt.
923 1332 1094 1390 Recte
1114 1354 1241 1409 ergo
1259 1335 1376 1413 ipse
1401 1339 1550 1394 Deus
1581 1337 1820 1395 Trinitas
1843 1338 2052 1397 intelli-

310 1421 456 1496 gitur
467 1419 658 1477 beatus
682 1430 735 1475 et
759 1417 904 1476 solus
932 1432 1150 1499 potenS,
1183 1421 1466 1480 ostendens
1489 1423 1788 1483 adventum
1817 1426 2043 1484 Domini
2072 1410 2080 1423 ⁹

310 1508 482 1568 nostri
512 1508 544 1565 J
549 1527 642 1566 esu
667 1506 876 1565 Christi
887 1508 1233 1589 temporibus
1250 1512 1509 1590 propriiS.
1549 1513 1641 1571 Sic
1667 1514 1814 1572 enim
1835 1514 2048 1573 dictum

310 1612 389 1658 est
417 1620 432 1657 ε
465 1596 668 1655 «Solus
708 1595 881 1654 habet
916 1591 1419 1656 immortalitatem:
1449 1626 1474 1652 >2
1506 1601 1785 1680 quomodo
1833 1601 2045 1661 dictum

309 1701 389 1747 est
418 1709 433 1745 ε
463 1713 490 1740 ‹<
517 1684 629 1765 Qui
644 1683 779 1743 facit
813 1684 1089 1743 mirabilia
1118 1685 1264 1744 solus
1283 1685 1326 1746 [⁸.
1359 1713 1385 1741 »
1409 1688 1575 1759 Quod
1611 1688 1774 1749 velim
1811 1690 1948 1748 scire
1977 1690 2045 1749 de

307 1797 420 1858 quo
459 1775 671 1835 dictum
717 1772 1037 1852 accipiant:
1074 1773 1119 1831 si
1161 1773 1229 1832 de
1270 1776 1432 1833 Patre.
1472 1789 1716 1850 tantum,
1764 1778 2042 1857 quomodo

303 1886 430 1943 ergo
467 1884 662 1925 verum
700 1874 780 1920 est
825 1860 976 1941 quod
1017 1861 1133 1941 ipse
1168 1862 1337 1921 Filius
1374 1862 1551 1922 dicit:
1602 1892 1629 1919 «
1660 1866 2042 1947 Quaecumque

300 1981 329 2010 »
348 1956 495 2014 enim
515 1959 679 2013 Pater
702 1950 835 2016 facit
848 1996 862 2022 ,
886 1950 1011 2009 haec
1026 1949 1216 2009 eadem
1237 1965 1291 2009 et
1310 1952 1481 2010 Filius
1507 1952 1641 2011 facit
1658 1953 1905 2012 similiter
1925 1954 1949 1991 5
1968 1959 1992 2013 Ρ
2011 1982 2039 2010 2)

302 2045 389 2104 An
417 2042 723 2125 quidquam
749 2052 828 2098 est
854 2038 995 2097 inter
1017 2039 1292 2098 mirabilia
1320 2041 1626 2100 mirabilius
1664 2063 1832 2122 quam
1855 2063 2038 2102 resus-

300 2121 468 2194 citare
509 2145 562 2191 et
593 2130 872 2192 vivificare
898 2133 1176 2187 mortuos?
1222 2129 1374 2188 Dicit
1404 2145 1585 2190 autem
1634 2131 1780 2190 idem
1818 2132 1985 2191 Filius
2015 2156 2030 2191 t

297 2249 325 2277 >2
350 2223 505 2282 Sicut
527 2223 691 2280 Pater
714 2217 938 2278 suscitat
973 2231 1217 2277 mortuos
1249 2232 1300 2276 et
1330 2220 1575 2279 vivificat
1594 2267 1608 2289 ,
1663 2221 1739 2279 sic
1767 2233 1825 2279 -et
1867 2221 2033 2280 Filius

296 2337 324 2365 >)
354 2331 491 2391 quos
517 2309 636 2370 vult
657 2307 900 2369 vivificat
922 2306 964 2365 6.
994 2332 1022 2360 »
1062 2306 1357 2378 Quomodo
1385 2329 1511 2384 ergo
1542 2308 1688 2367 solus
1713 2309 1875 2368 Pater
1900 2307 2033 2369 facit

295 2397 569 2458 mirabilia
595 2418 724 2457 cum
747 2396 872 2456 haec
892 2396 1059 2454 verba
1081 2416 1180 2454 nec
1199 2397 1420 2454 Patrem
1441 2410 1679 2470 tantum,
1712 2419 1812 2456 nec
1829 2396 2030 2457 Filium

293 2501 512 2547 tantum
537 2487 861 2567 permittant
881 2482 1139 2559 intelligi,
1176 2483 1267 2542 sed
1292 2486 1480 2566 utique
1524 2487 1703 2544 Deum
1731 2507 1906 2544 unum
1931 2506 2028 2545 vc·-

287 2598 413 2635 rum
426 2576 630 2647 solum,
651 2574 709 2633 id
727 2586 825 2646 est,
851 2574 1072 2632 Patrem
1089 2586 1141 2630 et
1159 2573 1359 2632 Filium
1374 2588 1427 2633 et
1462 2575 1731 2654 Spiritum
1748 2587 2016 2634 sanctum.

374 2666 505 2725 XII.
558 2665 697 2722 Item
733 2683 864 2722 cum
897 2661 1033 2720 dicit
1062 2661 1204 2720 idem
1243 2663 1536 2742 Apostolus
1568 2685 1582 2719 ε
1624 2663 1844 2721 «Nobis
1882 2684 2022 2722 unus

291 2780 319 2807 >>
342 2754 489 2812 Deus
513 2755 696 2825 Pater,
726 2773 786 2810 ex
821 2771 932 2832 quo
966 2750 1148 2808 omnia
1173 2763 1236 2807 et
1266 2772 1363 2809 nos
1386 2751 1445 2809 in
1469 2751 1624 2831 ipso;
1658 2764 1712 2810 et
1737 2773 1878 2811 unus
1902 2753 2021 2809 Do-

293 2867 321 2896 »
351 2842 531 2900 minus
560 2832 714 2899 Jesus
743 2839 997 2899 Christus
1016 2885 1031 2911 ,
1057 2860 1156 2919 per
1180 2860 1340 2919 quem
1368 2841 1552 2899 omnia
1579 2853 1632 2898 ct
1671 2862 1767 2899 nos
1794 2862 1894 2921 per
1924 2841 2019 2921 ip-

289 2956 318 2984 »
343 2951 461 2988 sum
480 2928 538 2998 43
563 2957 589 2983 ›>
621 2930 758 3010 quis.
784 2928 1003 2987 dubitet
1030 2950 1151 2987 eum
1184 2928 1366 2987 omnia
1397 2950 1523 3010 quae
1551 2943 1726 2988 creata
1773 2943 1900 2987 sunt
1935 2929 2017 2987 di-

287 3038 407 3076 cere
426 3064 440 3089 ,
474 3017 617 3075 sicut
639 3021 870 3075 Joannes
898 3038 911 3074 :
945 3043 970 3069 «
995 3016 1198 3075 Omnia
1226 3038 1325 3098 per
1361 3018 1545 3098 ipsum
1579 3017 1725 3105 facta
1751 3017 1955 3076 sunt5'?
1986 3045 2013 3071 »

346 3141 487 3184 ¹1›.2a1.
507 3155 614 3190 mxxi,
639 3144 701 3181 18.
720 3162 777 3172 ——
798 3139 818 3169 ²
839 3143 957 3184 Joan.
988 3157 1025 3192 v,
1066 3156 1124 3183 ιο.
1160 3164 1212 3174 --
1233 3138 1251 3171 3
1273 3141 1375 3183 Ibid.
1400 3157 1470 3187 21.
1490 3165 1545 3174 —-
1564 3140 1581 3172 ⁴
1610 3157 1625 3182 x
1663 3143 1752 3183 Cor.
1771 3153 1865 3197 vm,
1884 3142 1926 3183 6.
1954 3162 2010 3172 —

284 3207 302 3237 ⁵
323 3211 440 3251 Joan.
465 3222 495 3258 1,
521 3211 557 3250 3.
