2144 3808
603 380 674 418 DE
717 353 1037 434 TnlNlTATE,
1085 383 1196 421 Lm.
1249 384 1376 423 xm.
1726 365 1844 448 509

118 456 271 517 bitur
291 459 442 541 quod
470 481 579 518 non
614 461 800 522 aderit.
844 463 1022 521 Omne
1050 463 1304 543 quodibi
1332 464 1465 536 erit,
1489 465 1698 524 bonum
1718 467 1842 538 erit,

121 560 171 604 et
187 570 428 606 summus
455 550 599 607 Deus
615 570 888 608 summum
903 551 1111 608 bonum
1127 552 1260 623 erit,
1289 566 1450 632 atque
1471 552 1539 610 ad
1557 553 1849 612 fruendum

123 637 432 694 amantibus
459 650 662 716 praesto
691 639 824 707 erit3
853 651 905 696 et
929 638 1081 719 quod
1110 652 1187 696 est
1209 641 1433 698 omnino
1453 641 1846 711 beatissimum,

120 724 195 781 ita
222 746 433 805 semper
460 725 576 783 fore
604 740 810 784 certum
841 729 958 786 erit.
1001 727 1163 785 Nunc
1190 749 1316 787 vero
1352 728 1596 786 fecerunt
1623 729 1850 808 quidam

123 811 227 869 sibi
258 812 621 893 Philosophi,
648 814 991 872 sicuteorum
1013 815 1212 894 cuique
1234 815 1474 896 placuit,
1500 815 1635 874 vitas
1665 817 1850 874 beatas

123 921 245 958 suas
267 932 298 971 ,⁴
326 915 387 958 ut
415 902 570 982 quasi
603 903 831 982 propria
863 904 1062 962 virtute
1090 917 1345 983 possent,
1393 904 1542 982 quod
1575 905 1853 963 communi

29 1043 37 1048 ,
123 986 436 1062 ῐηοιήῑᾶίἰυηι
466 988 778 1048 conditione
803 1012 915 1048 non
943 1003 1227 1070 poterant,
1258 991 1335 1049 sic
1359 991 1563 1049 scilicet
1591 993 1766 1051 vivere
1793 1004 1855 1050 ut

124 1074 340 1134 vellent.
363 1076 681 1135 Sentiebant
695 1078 837 1136 enim
853 1079 1012 1136 aliter
1029 1079 1250 1136 beatum
1266 1100 1375 1136 esse
1395 1079 1659 1136 neminem
1675 1101 1851 1159 posse,

125 1163 229 1221 nisi
259 1164 520 1223 habendo
552 1165 704 1244 quod
729 1165 918 1237 vellet,
948 1179 1000 1224 et
1028 1165 1168 1223 nihil
1194 1165 1456 1246 patiendo
1480 1165 1627 1246 quod
1663 1166 1846 1226 nollet.

129 1253 266 1324 Quis
297 1266 476 1311 autem
500 1275 611 1311 non
641 1254 1096 1335 qualemcumque
1116 1255 1283 1312 vitam
1316 1275 1424 1335 qua
1450 1254 1773 1326 delectatur,
1804 1267 1859 1312 et
1887 1254 1898 1261 ”

128 1339 250 1398 ideo
282 1341 498 1398 beatam
546 1355 742 1414 vocat,
783 1342 942 1400 vellet
990 1343 1066 1400 sic
1102 1364 1210 1400 esse
1243 1343 1301 1400 in
1339 1363 1432 1400 sua
1462 1355 1756 1422 potestate,
1797 1355 1859 1401 ut

129 1450 246 1486 eam
267 1442 447 1508 posset
465 1429 669 1487 habere
684 1435 1042 1511 perpetuam?
1066 1433 1135 1488 Et
1151 1444 1331 1488 tamen
1354 1431 1474 1510 quis
1495 1431 1570 1488 ita
1590 1435 1699 1489 est?
1721 1431 1859 1504 Quis

130 1516 250 1574 vult
278 1517 394 1596 pati
420 1517 689 1575 molestias
718 1540 852 1598 quas
871 1517 1083 1576 fortiter
1103 1518 1325 1589 toleret,
1354 1519 1602 1599 quamvis
1621 1541 1709 1577 eas
1730 1519 1862 1579 velit

131 1605 410 1685 possitque
435 1604 663 1663 tolerare
684 1607 728 1664 si
758 1608 1005 1687 patitur?
1037 1607 1175 1679 Quis
1214 1607 1342 1667 velit
1378 1610 1435 1665 in
1467 1608 1744 1666 tormentis
1771 1607 1862 1668 vi-

131 1713 286 1763 vere,
319 1693 480 1751 etiam
512 1694 607 1773 qui
629 1703 812 1774 potest
839 1695 895 1752 iu
919 1695 993 1753 eis
1019 1717 1119 1776 per
1142 1695 1460 1775 patientiam
1481 1695 1714 1753 tenendo
1738 1700 1862 1772 jus-

137 1782 310 1840 titiam
336 1780 685 1840 laudabiliter
721 1783 939 1842 vivere?
978 1784 1298 1842 Transitura
1330 1782 1702 1859 cogitaverunt
1736 1783 1862 1842 haec

136 1869 278 1927 mala
303 1916 316 1940 ,
348 1870 445 1950 qui
472 1891 533 1927 ea
561 1871 935 1950 pertulerunt,
967 1871 1053 1931 vel
1089 1871 1365 1951 cupiendo
1398 1871 1633 1943 habere,
1667 1872 1755 1931 vel
1790 1873 1866 1930 ti—

138 1957 337 2015 mendo
363 1957 608 2028 amittere
630 1959 778 2038 quod
802 1960 1062 2017 amabant
1085 1984 1099 2027 ;
1132 1960 1240 2017 sive
1259 1960 1506 2039 nequiter
1532 1960 1642 2019 sive
1666 1959 1866 2018 lauda-

103 2078 106 2080 *
137 2045 339 2102 biliter.
375 2047 515 2103 Nam
537 2045 696 2103 multi
725 2068 823 2126 per
842 2047 1148 2105 transitoria
1176 2047 1318 2104 mala
1339 2046 1407 2104 ad
1437 2047 1586 2105 bona
1612 2068 1868 2127 perman-

140 2155 264 2191 sura
278 2133 488 2191 fortiter
502 2134 865 2195 tetenderunt.
891 2136 1003 2206 Qui
1016 2135 1264 2215 profecto
1275 2156 1369 2214 spe
1387 2135 1690 2205 beatisunt‚
1704 2136 1867 2194 etiam

142 2242 270 2279 cum
296 2222 492 2279 suntin
513 2222 835 2279 transitoriis
858 2222 1010 2280 malis
1026 2269 1039 2293 ,
1069 2243 1169 2302 per
1188 2243 1314 2301 quae
1336 2221 1406 2279 ad
1424 2223 1569 2280 bona
1583 2244 1693 2280 non
1715 2236 1870 2281 tran-

143 2309 311 2367 situra
339 2310 683 2388 perveniunt.
711 2310 819 2368 Sed
839 2310 934 2390 qui
959 2332 1053 2390 spe
1074 2311 1263 2368 beatus
1283 2323 1361 2367 est
1379 2356 1391 2377 ‚
1411 2310 1658 2368 nondum
1681 2311 1872 2369 beatus

145 2411 223 2455 est
246 2420 260 2455 ε
291 2411 537 2478 expectat
564 2420 801 2479 namque
828 2421 931 2480 >per
950 2399 1263 2480 patientiam
1291 2399 1683 2458 beatitudinem
1705 2421 1872 2481 quam

146 2487 392 2545 nondum
428 2500 588 2546 tenet.
624 2488 737 2560 Qui
765 2509 892 2547 vero
922 2489 1035 2547 sine
1057 2487 1167 2546 ulla
1195 2510 1289 2568 spe
1320 2487 1446 2559 tali,
1481 2489 1592 2546 sine
1627 2488 1737 2547 ulla
1775 2488 1872 2547 tali

147 2575 394 2636 mercede
423 2574 721 2646 cruciatur,
755 2576 1156 2656 quantamlibet
1200 2574 1460 2633 adhibeat
1498 2575 1837 2634 tolerantiam
1859 2623 1874 2647 ‚

150 2687 261 2723 non
290 2676 367 2723 est
386 2664 577 2722 beatus
604 2664 890 2735 veraciter,
923 2663 1014 2722 sed
1050 2664 1208 2721 miser
1247 2663 1472 2721 fortiter.
1514 2663 1701 2743 Neque
1736 2663 1881 2720 enim

151 2766 438 2834 propterea
466 2752 622 2809 miser
644 2773 756 2809 non
778 2766 890 2822 est,
920 2752 1049 2832 quia
1070 2750 1313 2808 miserior
1334 2763 1493 2820 esset,
1519 2750 1561 2807 si
1585 2751 1747 2808 etiarn
1774 2752 1883 2809 im-

153 2842 421 2922 patienter
451 2839 717 2897 miseriam
748 2840 1049 2898 sustineret.
1088 2841 1260 2896 Porro
1290 2837 1331 2895 si
1356 2838 1455 2894 ista
1493 2859 1602 2895 non
1643 2838 1882 2918 patitur,

158 2950 283 3009 quae
313 2927 477 2985 nollet
504 2927 618 3007 pati
648 2927 703 2985 in
732 2949 829 2985 suo
859 2948 1115 3007 corpore,
1144 2948 1244 2983 nec
1283 2939 1417 2984 tunc
1444 2925 1663 3006 quidem
1695 2927 1886 2985 beatus

157 3015 446 3074 habendus
475 3028 580 3086 est,
610 3016 868 3095 quoniam
903 3035 1014 3072 non
1042 3014 1178 3072 vivit
1209 3026 1270 3071 ut
1307 3013 1443 3073 vult.
1493 3014 1565 3071 Ut
1600 3014 1744 3075 enim
1777 3014 1887 3094 *alia

162 3105 409 3164 omittam
435 3151 448 3175 ,
489 3123 614 3183 quae
656 3123 883 3183 corpore
909 3101 1078 3161 illaeso
1109 3102 1174 3160 ad
1215 3102 1378 3160 animi
1415 3103 1686 3182 pertinent
1715 3102 1894 3161 offen-

164 3195 363 3266 sioneS,
403 3192 514 3251 sine
536 3190 741 3273 quibus
764 3191 944 3250 vivere
966 3191 1226 3251 vellemus
1243 3238 1257 3263 ,
1285 3204 1340 3249 et
1365 3204 1490 3250 sunt
1517 3191 1899 3250 innumerabi-

166 3276 238 3341 lia
261 3308 277 3351 ;
302 3281 459 3342 vellet
483 3282 669 3359 utique
699 3280 742 3339 si
770 3293 951 3360 posset
980 3279 1054 3338 ita
1075 3279 1286 3340 salvum
1312 3292 1473 3360 atque
1497 3277 1901 3339 incolumeha-
