2144 3808
315 330 426 370 120
576 327 581 332 “
835 332 878 368 S.
934 329 1240 369 AUGUSTINI
1283 329 1541 368 EPISCOPI

307 412 488 470 dictus
509 423 588 469 est
610 410 752 470 solus
771 433 929 472 verus
955 416 1106 470 Deus
1130 413 1294 469 Pater
1312 426 1366 470 et
1391 416 1421 468 J
1424 433 1543 469 esus
1565 410 1815 470 Christus
1837 457 1860 490 ,Ἴ
1882 425 1944 470 ut
1965 412 2033 470 ab

305 499 416 558 hac
433 499 658 559 veritate
687 499 901 558 deitatis
920 499 1072 557 nullo
1094 499 1260 557 modo
1281 499 1605 561 alienaretur
1629 500 1866 580 Spiritus
1885 521 2037 559 sanc-

305 601 411 648 tus,
451 589 575 646 Non
597 601 779 646 autem
803 587 1010 659 Filius,
1050 601 1112 644 ut
1147 588 1249 644 tibi
1276 588 1534 646 videtur.
1570 615 1596 642 c<
1619 587 1809 646 Solum
1838 587 2038 668 poten-

308 690 451 747 tem,
479 676 655 734 solum
684 677 1014 756 sapientem,
1049 676 1223 734 solum
1254 677 1466 734 bonum
1503 677 1722 735 Patrem
1758 677 1894 735 dicit
1931 697 2038 734 esse

307 762 542 822 Deum1.
577 789 603 816 ›>
628 762 775 822 Deus
799 777 979 822 autem
1000 785 1141 822 unus
1162 777 1215 822 et
1243 763 1387 822 solus
1417 778 1494 822 est
1517 765 1635 844 ipsa
1665 766 1709 821 Γ
1715 778 1941 835 rinitas
1977 777 2040 821 ut

310 851 605 910 ostendunt
627 873 688 909 ea
708 873 836 934 quae
869 852 1116 933 superius
1133 857 1252 929 jam
1275 853 1568 932 saepissime
1597 852 1848 911 diximus,

395 941 460 1000 50
492 967 517 993 α
552 941 720 1013 Quod
762 955 943 999 autem
982 963 1094 1000 non
1138 942 1512 1023 proficientem
1537 989 1551 1014 ‚
1605 942 1698 999 sed
1737 939 2040 1023 perfectum

312 1030 461 1088 Deus
488 1029 653 1088 Pater
677 1031 922 1106 genuerit
953 1031 1155 1088 Filium
1197 1031 1374 1088 Deum
1395 1077 1409 1101 ‚
1435 1057 1460 1084 »
1503 1052 1693 1091 verum
1732 1029 1887 1088 dicis,
1937 1028 2043 1086 Sed

313 1117 504 1198 quod
488 1140 668 1199 lpsam
694 1119 821 1177 Filii
841 1118 1265 1200 perfectionem,
1291 1119 1614 1220 perfectioni
1637 1118 1814 1176 Patris
1834 1139 1945 1175 non
1964 1117 2044 1175 vis

318 1228 571 1287 aequare,
596 1208 705 1267 hoc
725 1207 923 1266 falsum
944 1207 1114 1280 dicis,
1144 1222 1196 1266 et
1218 1209 1433 1268 veritati
1460 1230 1570 1289 qua
1600 1229 1756 1267 verus
1778 1221 1857 1264 est
1877 1205 2045 1264 Filius

289 1295 667 1356 contradicis,
713 1322 741 1349 ι(
769 1297 951 1355 Homo
979 1298 1122 1355 enim
1162 1297 1207 1354 si
1245 1310 1458 1377 posset,
1483 1297 1706 1376 inquiS‚
1739 1293 2045 1378 perfectum

313 1404 441 1441 mox
460 1405 712 1459 generare
732 1385 932 1456 filium,
955 1407 1069 1443 non
1088 1386 1381 1465 parvulum
1404 1397 1712 1461 generaret,
1736 1384 1835 1464 qui
1850 1402 2046 1457 coaug-

295 1472 567 1532 >mentatis
604 1463 756 1530 annis
798 1431 1022 1531 tandem
1066 1472 1362 1554 aliquando
1406 1474 1490 1531 sui
1530 1472 1784 1549 genitoris
1821 1469 2048 1551 impleat

315 1559 674 1621 voluntatem.
705 1588 732 1615 >2
764 1562 1048 1622 Verissime
1077 1562 1300 1620 omnino
1331 1576 1521 1621 contra
1557 1576 1611 1620 te
1646 1561 1899 1641 loqueriS.
1941 1558 2047 1617 Sed

314 1661 380 1707 ut
407 1662 599 1708 contra
622 1663 676 1708 te
704 1672 816 1709 non
839 1651 908 1708 sit
928 1651 1081 1731 quod
1113 1651 1350 1731 loqueris
1373 1698 1387 1722 ‚
1418 1672 1645 1727 agnosce
1678 1649 2046 1730 aequalitatem

316 1737 496 1796 Patris
517 1751 572 1796 et
593 1738 736 1798 Filii.
774 1739 920 1811 Quia
944 1752 997 1796 et
1020 1739 1190 1797 homo
1219 1740 1262 1797 si
1288 1753 1469 1820 posset
1486 1786 1500 1811 ,
1534 1738 1712 1797 filium
1741 1759 1866 1796 mox
1894 1758 2048 1812 gene-

315 1841 461 1885 raret
487 1827 755 1907 aequalem
770 1874 785 1900 ,
823 1848 924 1886 nec
952 1842 1258 1908 expectaret
1279 1850 1448 1887 annos
1469 1875 1483 1900 ,
1511 1850 1610 1908 per
1632 1848 1771 1908 quos
1794 1827 1853 1884 in
1870 1824 2049 1883 forma

316 1914 418 1973 filii
435 1930 618 1996 posset
636 1916 889 1976 voluntas
905 1921 1019 1992 ejus
1035 1916 1271 1997 impleri.
1296 1921 1444 1975 Deus
1465 1938 1590 1992 ergo
1613 1937 1714 1974 cur
1734 1935 1845 1972 non
1865 1934 2047 1993 aequa-

317 2003 426 2063 lem
459 2005 645 2080 genuit
672 2005 904 2077 Filium,
939 2006 1030 2064 cui
1070 2027 1170 2063 nec
1217 2005 1346 2062 anni
1380 2004 1666 2066 necessarii
1691 2002 1913 2060 fuerunt
1951 2023 2048 2082 per

316 2113 457 2174 quos
480 2092 540 2150 id
554 2092 900 2174 impleretur,
925 2114 1026 2151 nec
1043 2093 1438 2172 omnipotentia
1453 2091 1663 2150 defuit?
1689 2093 1774 2149 An
1795 2090 1932 2148 forte
1953 2111 2048 2148 no-

315 2178 460 2238 luit?
479 2180 624 2256 Ergo
644 2227 659 2252 ,
686 2181 837 2261 quod
863 2181 1033 2252 absit,
1060 2181 1258 2239 invidit
1287 2185 1301 2238 ἑ
1333 2181 1440 2239 Sed
1464 2203 1574 2239 non
1598 2180 1798 2238 invidit
1821 2202 1835 2236 :
1865 2200 2048 2260 aequa-

315 2266 423 2325 lem
445 2268 615 2343 igitur
641 2262 845 2345 genuit.
879 2269 959 2327 Ac
979 2291 1079 2350 per
1101 2269 1213 2328 hoc
1238 2270 1399 2328 unius
1419 2269 1771 2349 ejusdemque
1797 2268 2047 2326 substan-

315 2357 408 2415 tiae
437 2379 451 2414 :
486 2356 936 2438 quandoquidem
953 2359 1146 2430 homo,
1166 2360 1265 2440 qui
1278 2372 1568 2440 propterea
1592 2359 1722 2439 quia
1737 2379 1847 2415 non
1870 2369 2049 2438 potest

312 2444 630 2521 non'gignit
675 2445 940 2525 aequalem
964 2493 979 2518 ‚
1019 2447 1261 2523 ejusdem
1289 2461 1474 2506 tamen
1516 2447 1836 2505 substantiae
1879 2446 2049 2522 gignit

314 2532 493 2591 filium
513 2579 528 2604 ‚
548 2538 720 2610 *cujus
749 2547 827 2592 est
853 2535 988 2615 ipse.
1021 2536 1188 2607 Quod
1211 2537 1255 2594 si
1279 2559 1391 2595 non
1410 2549 1573 2607 esset,
1610 2535 1859 2616 profecto
1890 2555 2048 2593 verus

315 2621 461 2679 filius
494 2642 604 2679 esse
627 2643 740 2680 non
770 2637 968 2703 posset.
1008 2625 1160 2697 Quid
1181 2639 1260 2683 est
1282 2647 1408 2701 ergo
1431 2625 1583 2705 quod
1611 2624 1748 2682 dicis
1781 2646 1794 2680 :
1831 2650 1856 2675 c<
1887 2624 2049 2680 Pater

314 2709 480 2768 talem
513 2710 701 2786 genuit
731 2710 929 2770 Filium
962 2712 1138 2793 qualis
1168 2727 1222 2771 et
1245 2734 1393 2770 nunc
1418 2726 1528 2783 est,
1557 2712 1732 2792 qualis
1760 2725 1813 2770 et
1833 2733 2047 2792 perma-

314 2811 407 2855 net
428 2798 540 2856 sine
564 2799 717 2857 fine?
741 2825 768 2852 »
798 2800 920 2859 Hoc
946 2801 1086 2859 bene
1120 2800 1325 2859 diceres
1344 2847 1359 2872 ‚
1387 2801 1430 2858 si
1467 2801 1619 2858 Patri
1649 2800 1917 2881 {equalem
1947 2821 2046 2859 ve-

312 2906 437 2943 rum
468 2886 671 2944 Filium
705 2909 818 2945 non
852 2910 1089 2965 negares,
1123 2889 1266 2947 Cum
1297 2910 1424 2948 vero
1458 2889 1761 2969 perfectum
1794 2888 1961 2959 dicis,
1996 2902 2048 2945 ct

313 2972 581 3053 aequalem
616 2996 811 3051 negaS‚
858 2989 911 3034 et
941 2976 1102 3036 talem
1131 2977 1306 3058 qualis
1335 2991 1413 3034 est
1447 2991 1604 3035 natus
1636 2978 1748 3036 sine
1780 2978 1888 3034 fine
1914 2998 2046 3055 per-

312 3082 529 3119 manere
566 3082 679 3119 non
719 3084 877 3138 negas
895 3110 910 3135 ‚
934 3064 1134 3143 procul
1166 3065 1338 3123 dubio
1367 3065 1633 3123 minorem
1662 3066 1823 3122 Patre
1847 3062 2046 3121 Filium

303 3151 419 3209 sine
455 3150 563 3208 fine
603 3172 820 3209 manere
847 3155 1188 3232 pronuntias,
1238 3155 1317 3213 Ac
1356 3176 1454 3234 por
1481 3154 1592 3213 hoc
1632 3153 1872 3212 nascitur
1902 3152 2046 3210 filius

372 3253 385 3283 ¹
401 3255 520 3294 Forte
539 3253 607 3294 sed
626 3257 772 3297 Deum.
