2144 3808
592 360 663 401 DE
706 356 1026 414 ΤΜΝῙΤΑΤΕ,
1074 362 1186 404 Lm.
1237 365 1291 404 x.
1711 350 1830 422 445
1911 378 1919 382 ·

106 455 207 515 tat,
243 443 310 502 de
337 442 424 502 his
445 442 706 502 omnibus
733 442 986 501 dubitare
1013 464 1126 500 non
1153 443 1349 503 debet:
1377 467 1502 526 quae
1528 448 1571 506 si
1600 471 1711 507 non
1743 473 1832 509 es-

107 546 245 602 sent,
272 531 339 589 de
362 531 472 589 ulla
492 552 548 588 re
575 530 829 590 dubitare
857 551 967 589 non
997 546 1196 611 posset.

188 619 306 679 XV.
357 620 491 677 Ilaec
522 620 728 691 onmia,
761 619 859 701 qui
893 620 979 678 vel
1020 641 1222 702 corpus
1250 622 1339 682 vel
1378 626 1834 705 compositionem

107 727 200 765 seu
219 706 672 785 temperationem
702 706 946 786 corporis
985 727 1093 764 esse
1117 722 1353 767 mentem
1374 725 1599 790 putant,
1624 713 1683 770 in
1707 713 1834 770 sub'-

99 799 247 870 jecto
276 816 385 852 esse
413 794 608 852 volunt
641 793 844 865 videri,
875 807 935 852 ut
965 795 1272 854 substantia
1304 798 1373 855 sit
1398 805 1515 870 aer,
1548 800 1633 859 vel
1669 801 1829 876 ignis,

106 882 216 941 sive
238 881 459 960 aliquod
493 880 642 938 aliud
682 903 906 961 corPUS,
926 882 1075 962 quod
1108 898 1343 942 mentem
1374 899 1604 965 putant3
1628 888 1835 953 intelli-

108 969 286 1045 gentia
312 989 440 1025 vero
486 968 561 1025 ita
592 968 720 1025 insit
762 968 896 1027 huic
932 974 1185 1050 corpori,
1221 971 1363 1029 sicut
1399 972 1631 1052 qualitas
1681 979 1831 1048 ejus:

112 1055 323 1114 utillud
348 1057 656 1131 subjectum
678 1057 883 1115 sithaec
911 1058 967 1115 in
993 1059 1271 1134 subject03
1298 1061 1607 1135 subjectum
1634 1062 1840 1119 scilicet

109 1167 258 1203 mens
288 1166 454 1226 quam
491 1166 691 1225 corpus
713 1195 716 1199 .
737 1166 847 1202 esse
895 1147 1255 1217 arbitrantur,
1287 1148 1343 1204 in
1371 1148 1619 1222 subjecto
1658 1163 1839 1208 autem

26 1272 35 1282 x
107 1232 487 1308 intelligentia,
515 1233 624 1289 sive
656 1232 794 1313 quid
817 1232 965 1290 aliud
994 1255 1180 1292 eorum
1217 1256 1342 1315 quae
1372 1249 1518 1292 certa
1549 1237 1706 1293 nobis
1731 1259 1839 1294 csse

108 1321 672 1380 commemoravimus,
698 1322 859 1379 Juxta
881 1323 1180 1403 opinantur
1195 1323 1357 1380 etiam
1375 1323 1455 1380 illi
1484 1324 1580 1403 qui
1604 1338 1838 1382 mentem

109 1409 287 1489 ipsam
318 1421 518 1484 negant
546 1430 653 1466 6556
678 1431 901 1490 corpus,
926 1410 1018 1467 sed
1052 1411 1432 1490 compaginem
1463 1424 1557 1468 aut
1578 1424 1843 1490 tempera-

111 1498 315 1555 tionem
344 1496 606 1576 corporiS.
647 1497 768 1555 Hoc
797 1498 940 1555 enim
974 1499 1228 1568 interest,
1282 1498 1434 1577 quod
1478 1497 1553 1554 illi
1608 1512 1842 1555 mentem

110 1585 287 1664 ipsam
309 1582 504 1640 dicunt
525 1605 633 1641 esse
656 1584 1039 1655 substantiam,
1074 1585 1129 1642 in
1151 1607 1261 1665 quo
1306 1585 1553 1660 subjecto
1592 1586 1658 1642 sit
1680 1586 1845 1642 intel-

112 1664 338 1749 ligentia
361 1694 374 1728 ε
400 1671 486 1729 isti
502 1685 679 1729 autem
702 1673 876 1752 ipsam
895 1687 1128 1731 mentem
1146 1673 1203 1730 in
1221 1674 1468 1748 subjecto
1492 1695 1599 1730 esse
1624 1674 1838 1743 dicunt,

114 1781 353 1841 corpore
381 1759 587 1817 scilicet
608 1765 766 1835 cujus
787 1762 1112 1841 compositio
1137 1762 1218 1820 vel
1236 1762 1555 1840 temperatio
1576 1774 1670 1818 est.
1689 1762 1844 1818 Unde

115 1861 509 1928 consequenter
532 1848 694 1905 etiam
721 1849 1127 1924 intelligentiam
1153 1849 1289 1930 quid
1316 1849 1466 1907 aliud
1491 1870 1657 1927 quam
1687 1851 1742 1906 iu
1760 1871 1846 1906 eo-

117 1937 243 1995 dem
275 1936 521 2012 subjecto
551 1957 781 2015 corpore
813 1937 1156 2010 existimant?

197 2024 345 2082 XVI.
385 2023 497 2093 Qui
540 2043 724 2080 omnes
750 2045 860 2080 non
891 2023 1216 2094 advertunt,
1250 2037 1487 2080 mentem
1515 2045 1666 2081 nosse
1687 2024 1847 2081 etiam

117 2134 245 2170 cum
270 2111 470 2192 quaerit
490 2131 566 2179 56,
594 2110 736 2168 sicut
759 2115 872 2186 jam
899 2111 1252 2170 ostendimus,
1292 2110 1456 2168 Nullo
1479 2110 1641 2167 modo
1664 2125 1844 2168 autem

117 2214 261 2259 recte
310 2198 515 2257 dicitur
551 2198 676 2256 sciri
718 2197 901 2278 aliqua
930 2221 1040 2270 res,
1075 2198 1208 2255 dum
1260 2202 1374 2272 ejus
1407 2198 1690 2273 ignoratur
1718 2199 1846 2257 sub-

119 2288 332 2346 stantia.
373 2286 730 2365 Quapropter
770 2306 898 2342 cum
949 2307 1002 2342 56
1056 2305 1203 2344 mens
1251 2286 1437 2356 novit,
1486 2286 1846 2343 substantiam

120 2398 273 2434 suam
297 2374 479 2441 novit3
504 2387 701 2431 etcum
721 2372 788 2430 de
810 2394 862 2430 se
881 2387 1027 2431 certa
1051 2386 1151 2445 est,
1173 2373 1240 2432 de
1264 2374 1567 2431 substantia
1591 2396 1683 2432 sua
1704 2388 1850 2431 certa

120 2477 218 2523 est.
242 2463 405 2520 Certa
433 2474 512 2519 est
526 2475 705 2518 autem
728 2460 795 2518 de
808 2482 882 2531 se,
911 2462 1052 2519 sicut
1076 2462 1416 2520 convincunt
1438 2483 1498 2519 ea
1527 2483 1653 2542 quae
1676 2484 1843 2542 supra

124 2551 275 2610 dicta
308 2563 452 2608 sunt.
490 2550 606 2607 Nec
644 2549 866 2606 omnino
910 2563 1058 2606 certa
1107 2561 1206 2620 est,
1242 2562 1426 2606 utrum
1461 2557 1583 2620 aer,
1617 2572 1682 2608 an
1712 2550 1851 2625 ignis

123 2641 216 2711 sit,
245 2661 312 2696 an
335 2634 563 2717 aliquod
594 2656 818 2716 corpm,
847 2636 931 2696 vel
969 2636 1179 2717 aliquid
1213 2636 1475 2717 corporis,
1511 2638 1635 2694 Non
1658 2651 1735 2694 est
1756 2639 1853 2713 igi-

125 2743 216 2787 tur
261 2725 469 2806 aliquid
496 2746 683 2783 eorum
719 2747 733 2782 z
772 2737 1058 2805 totumque
1086 2724 1223 2782 illud
1255 2723 1405 2804 quod
1441 2745 1493 2780 se
1522 2725 1753 2799 jubetur
1796 2739 1856 2782 ut

125 2814 358 2884 noverit,
383 2811 452 2869 ad
478 2812 587 2869 hoc
635 2813 872 2892 pertinet
899 2825 961 2869 ut
990 2824 1136 2870 certa
1161 2811 1251 2882 sit,
1290 2831 1402 2869 non
1433 2831 1487 2867 se
1514 2832 1622 2868 esse
1651 2811 1857 2890 aliquid

128 2923 314 2960 eorum
342 2899 408 2958 de
436 2899 640 2982 quibus
663 2900 871 2958 incerta
900 2913 1000 2971 est,
1027 2899 1194 2980 idque
1211 2899 1388 2957 solum
1403 2918 1511 2955 6556
1533 2920 1586 2955 56
1603 2913 1747 2956 certa
1765 2900 1855 2966 sit,

125 2988 277 3071 quod
308 2987 481 3046 solum
513 3007 621 3044 esse
650 3008 703 3044 se
726 3001 872 3045 certa
904 2999 998 3045 est.
1035 2986 1125 3045 Sic
1152 2986 1296 3043 enim
1318 2985 1524 3062 cogitat
1560 2985 1739 3061 ignem
1768 2999 1861 3044 aut

133 3088 339 3147 acrem,
372 3088 424 3132 et
448 3073 725 3154 quidquid
768 3073 918 3133 aliud
965 3075 1214 3154 corporis
1265 3074 1485 3150 cogitat.
1534 3074 1723 3154 Neque
1752 3074 1863 3131 ullo

133 3166 298 3225 modo
328 3163 442 3222 fieri
466 3175 667 3242 posset,
691 3176 752 3219 ut
775 3163 850 3220 ita
872 3163 1133 3239 cogitaret
1158 3162 1216 3221 id
1233 3162 1386 3243 quod
1415 3162 1533 3242 ipsa
1556 3175 1655 3234 est,
1675 3184 1863 3242 quem-

83 3295 87 3299 ·
136 3254 434 3317 admodum
460 3251 664 3326 cogitat
693 3250 749 3310 id
779 3251 947 3331 quod*
965 3253 1085 3332 ipsa
1119 3273 1232 3311 non
1250 3266 1344 3312 est.
1382 3254 1488 3310 Per
1509 3250 1861 3330 phantasiam
