2144 3808
317 315 426 374 126
834 332 879 370 s.
932 331 1241 374 Ansusrtm
1285 334 1549 375 rrlscom

301 436 464 476 carne
494 412 811 472 Creatorisi‘
843 414 1307 495 Quandoquidem
1343 430 1553 476 creator
1598 417 1714 499 ipse
1744 440 1844 501 per
1871 442 2037 503 quem

304 504 601 563 facta'sunt
631 503 835 574 omnia,
866 529 892 556 «
917 503 1104 572 Paui5‚
1130 505 1328 583 inquit.
1349 526 1509 584 quem
1539 528 1634 582 ego
1663 507 1885 579 deder0‚
1905 531 2033 569 caro

304 619 332 648 ι)
363 613 482 651 mea
520 605 599 650 est
633 612 737 672 pro
780 590 975 648 mundi
1006 591 1118 648 vita
1139 589 1181 649 1.
1218 617 1245 644 »
1283 593 1433 663 Quid
1465 600 1628 670 ergo?
1666 598 1904 656 Mundus
1937 621 2032 680 per

306 681 509 741 Filium
544 682 722 739 factus
762 693 874 751 est,
918 693 971 738 et
1009 692 1221 737 creator
1250 693 1328 737 est
1363 681 1527 740 Filius
1563 705 1577 740 ε
1609 706 1734 744 caro
1764 692 1880 763 ejus
1908 709 2035 768 quae

304 771 434 831 data
471 785 550 829 est
589 792 693 853 pro
731 769 928 829 mundi
970 769 1104 839 vita,
1159 789 1259 850 per
1297 770 1569 850 Spiritum
1604 787 1855 834 sanctum
1892 776 2041 835 facta

304 875 405 935 est,-
434 876 490 921 et
516 882 630 921 non
647 873 727 920 est
751 872 964 919 creator
990 859 1228 939 Spiritus
1259 874 1478 920 sanctus
1500 865 1524 920 Ρ
1553 863 1695 921 Cum
1717 865 1862 924 enim
1891 865 2047 942 virgo

312 952 486 1011 Maria
508 950 724 1010 dixisset
751 948 959 1025 Angelo
994 949 1340 1029 promittenti
1370 950 1420 1008 ei
1443 950 1661 1025 fllium,
1693 979 1721 1007 «
1750 953 2046 1026 Ouomodo

307 1069 335 1096 >2
364 1040 514 1100 istud
545 1041 668 1111 fiet,
702 1038 962 1119 quoniam
1001 1037 1175 1096 virum
1200 1059 1313 1096 non
1335 1044 1652 1116 cognosco?
1681 1067 1708 1094 »
1737 1042 2047 1143 Respondit

311 1130 590 1208 Angelus.
626 1155 654 1182 (ι
690 1128 929 1209 Spiritus
963 1139 1184 1185 sanctus
1213 1129 1559 1209 superveniet
1588 1129 1647 1188 in
1675 1143 1761 1202 te,
1797 1143 1851 1189 et
1872 1131 2047 1191 virtus

312 1246 340 1273 »
374 1217 632 1278 Altissimi
657 1215 1018 1276 obumbrabit
1044 1215 1148 1273 tibi
1175 1241 1190 1284 ς
1220 1229 1516 1297 propterea
1542 1218 1693 1299 quod
1715 1232 1969 1279 nascetur
1986 1241 2048 1279 ex

313 1334 340 1363 ›>
369 1321 420 1367 te
452 1321 698 1366 sanctum
719 1353 734 1376 ,
771 1305 1064 1365 vocabitur
1094 1304 1262 1363 Filius
1292 1306 1392 1363 Dei
1411 1305 1453 1365 2.
1489 1335 1512 1359 »2
1547 1308 1653 1366 Hic
1677 1321 1739 1367 tu
1760 1355 1774 1380 ,
1806 1309 1958 1390 quod
1990 1310 2048 1369 in

311 1395 773 1476 consequentibus
799 1391 1047 1475 quodam
1075 1391 1200 1450 loco
1242 1405 1352 1451 tuae
1378 1396 1775 1474 prosecutionis
1803 1396 2044 1470 adverti,

314 1487 543 1543 asserere
599 1481 886 1541 conabaris
935 1479 1203 1560 Spiritum
1254 1494 1506 1541 sanctum
1550 1485 1884 1564 praecessisse
1907 1532 1922 1558 ,
1988 1498 2051 1546 ut

311 1572 602 1632 mundaret
642 1583 696 1628 et
727 1569 1096 1628 sanctificaret
1127 1570 1391 1645 virginem
1436 1573 1699 1642 Mariam3
1747 1595 1810 1632 ac
1850 1573 2049 1634 deinde

311 1662 520 1720 veniret
532 1659 718 1719 Virtus
741 1656 1000 1733 Altissimi
1018 1703 1032 1728 ‚
1058 1657 1170 1715 hoc
1195 1671 1295 1732 est,
1325 1659 1605 1740 Sapientia
1636 1661 1735 1719 Dei
1757 1708 1770 1732 ‚
1793 1661 1943 1742 quod
1970 1675 2049 1722 est

315 1746 648 1818 Cl1ristus³;
690 1759 744 1805 et
776 1746 924 1826 ipsa,
964 1745 1103 1823 sicut
1141 1747 1410 1826 scriptum
1449 1761 1561 1821 est,
1603 1748 1900 1809 aedificaret
1942 1751 2049 1810 sibi

313 1834 601 1907 domuml‘,
627 1834 738 1893 hoc
770 1845 870 1904 est,
896 1833 1013 1913 ipsa
1040 1832 1144 1891 sibi
1176 1848 1386 1893 crearet
1410 1856 1653 1908 carnem,
1682 1858 1793 1895 non
1813 1838 2050 1919 Spiritus

315 1937 551 1985 sanctus,
596 1922 749 1996 Quid
781 1935 863 1980 est
907 1942 1032 1997 ergo
1063 1921 1215 2001 quod
1257 1923 1333 1980 ait
1360 1938 1608 1982 sanctum
1641 1926 2046 2002 Evangeliumi‘

315 2041 342 2068 <‹
366 2015 596 2074 Inventa
611 2012 761 2071 estin
785 2023 939 2069 utero
956 2010 1167 2068 habens
1189 2010 1256 2068 de
1279 2011 1493 2092 Spiritu
1517 2013 1758 2073 sancto5.
1787 2042 1812 2067 »
1841 2014 2051 2098 Nempe
2075 2059 2078 2061 Α

315 2103 665 2161 obstructum
701 2114 780 2159 est
810 2121 899 2158 eos
929 2099 1271 2179 loquentium
1305 2101 1495 2183 iniqua
1516 2103 1558 2162 6.
1600 2102 1662 2161 Si·
1696 2125 1821 2179 ergo
1846 2107 2050 2183 cogitas

317 2214 376 2251 os
400 2192 666 2253 veraciter.
689 2192 918 2271 aperire,
950 2211 1062 2247 non
1084 2188 1257 2248 solum
1292 2191 1511 2264 Filium,
1531 2192 1890 2253 verumetiam
1917 2194 2052 2278 Spi-

314 2282 483 2341 ritum
513 2293 762 2341 sanctum
788 2291 1087 2338 creatorem
1115 2280 1292 2338 carnis
1324 2280 1447 2339 Filii
1475 2282 1752 2343 confitere.

399 2373 464 2450 3⁰
491 2373 578 2453 An
599 2371 741 2430 forte
761 2369 1011 2428 dicturus
1024 2390 1096 2431 es,
1122 2390 1183 2427 ea
1199 2369 1342 2428 facta
1356 2391 1466 2429 esse
1483 2393 1585 2451 per
1598 2372 1870 2453 Spiritum
1892 2395 2046 2432 sanc-

313 2473 431 2519 tum
459 2481 590 2542 quae
621 2457 1068 2529 commemoravi,
1090 2457 1149 2516 id
1176 2471 1274 2528 est,
1308 2459 1459 2540 quod
1481 2461 1656 2519 omnis
1675 2459 1846 2520 virtus
1870 2461 2046 2521 coelo-

309 2569 434 2607 rum
456 2569 556 2630 per
580 2569 707 2606 eum
735 2548 950 2608 firmata
977 2547 1079 2618 sit,
1116 2547 1267 2629 quod
1299 2569 1394 2628 per
1418 2570 1543 2607 eum
1576 2550 1914 2608 creabuntur
1935 2549 2045 2608 ho-

312 2637 483 2695 mines
509 2636 714 2708 denu0‚
743 2636 841 2717 qui
866 2635 1049 2716 primo
1081 2636 1157 2693 ita
1185 2649 1439 2695 creantur
1469 2651 1529 2694 ut
1566 2650 1959 2697 convertantur
1987 2637 2045 2700 in

306 2726 589 2807 pulverem
618 2747 808 2796 suum,
841 2723 991 2805 quod
1013 2725 1128 2804 ipse
1157 2746 1373 2782 carnem
1399 2739 1655 2805 operatus
1683 2739 1762 2784 est
1800 2726 2042 2801 Christi,

311 2815 461 2893 (nam
480 2813 738 2873 deanima
754 2813 882 2872 nolo
904 2811 1111 2892 aliquid
1126 2812 1328 2882 dicere,
1345 2818 1502 2889 cujus
1519 2813 1841 2873 difficillima
1871 2837 2047 2896 quaes-

312 2904 390 2962 tio
417 2903 562 2983 est);
592 2916 645 2961 et
669 2903 711 2961 si
738 2901 875 2983 quid
914 2899 1064 2959 aliud
1097 2922 1195 2982 per
1220 2902 1487 2982 Spiritum
1515 2917 1764 2962 sanctum
1801 2917 2046 2963 creatum

310 2991 552 3073 potuerit
588 2991 821 3049 inveniri
848 3012 863 3048 ι
895 3011 1007 3047 non
1041 3002 1221 3047 tamen
1247 2991 1431 3048 omnia
1451 3038 1465 3062 ‚
1495 2992 1636 3050 sicut
1664 3014 1765 3074 per
1795 2993 2046 3067 unigeni-

310 3090 430 3139 t'ttm
459 3077 678 3149 Filium,
703 3077 771 3135 de
793 3097 905 3158 quo
933 3076 1142 3136 dictum
1167 3090 1276 3136 est:
1312 3079 1562 3139 «Omnia
1589 3080 1886 3162 peripsum
1901 3080 2045 3141 facta

371 3199 385 3230 ²
409 3202 610 3254 sonunt,
636 3199 707 3242 36.
726 3196 821 3230 ...2
841 3201 936 3240 Luc.
961 3212 992 3247 1,
1018 3189 1087 3247 34,
1113 3194 1290 3240 35.-3
1318 3213 1336 3240 1
1365 3201 1463 3245 Cor.
1491 3214 1527 3258 ι,
1552 3203 1622 3245 23,
1648 3222 1707 3233 .-
1736 3196 1756 3230 ⁴
1776 3206 1890 3245 psov·
1913 3216 1970 3255 α,
2002 3217 2041 3250 1·

312 3288 366 3300 -ο
389 3261 410 3297 ⁸
431 3263 583 3309 Matui.
608 3276 638 3314 ι,
665 3265 730 3305 18.
747 3285 804 3295 -
825 3259 845 3292 ⁶
864 3264 966 3306 psal.
994 3276 1100 3319 mxu,
1127 3275 1192 3303 ω.
