2144 3808
282 296 400 355 302
775 274 859 350 ’5.
910 305 1220 350 Ancus-rim
1262 302 1551 351 muscos!¹ss

190 431 192 433 -
285 394 486 455 divinis
504 389 727 453 Litteris
751 388 1138 454 memorabiles
1170 399 1336 474 atque
1359 385 1595 470 insignes
1618 392 1779 474 'quasi
1808 385 2044 452 artiori-*-

284 483 363 542 los
388 494 702 566 temporum
739 479 1067 558 vestigemus
1089 516 1103 553 ,·
1135 496 1200 541 ut
1228 483 1411 563 prima
1441 496 1572 542 aetas
1601 483 1929 542 inveniatur·
1951 482 2025 541 ab

288 571 466 631 Adam
495 580 667 653 usque
698 570 770 629 ad
800 570 944 641 Noe,
977 569 1105 627 inde
1133 569 1372 629 secunda
1407 587 1578 652 usque
1599 572 1670 630 ad
1695 562 2021 631 Abraham.
2003 583 2018 610 δ

287 673 342 718 et
376 645 636 741 deinceps
662 659 806 718 sieut
839 654 1134 718 Matthaeus
1170 659 1513 737 Evangelista
1537 661 1805 733 distinxit,-
1837 661 1910 720 ab
1936 660 2045 719 Ab·

285 749 478 807 raham
507 769 682 829 usque
700 747 770 807 ad
799 747 983 808 David
998 794 1012 820 ‚
1047 769 1078 806 a
1095 748 1278 807 David
1307 764 1479 830 usque
1503 749 1572 808 ad
1588 749 2027 826 transmigratio-

290 858 418 896 nem
444 859 505 896 111
517 836 908 918 Babylomam
927 849 1092 917 atque
1101 836 1231 896 inde
1245 858 1420 919 usque
1441 838 1513 898 ad
1534 838 2018 921 Virginispartum.

286 926 430 998 Quae
444 939 553 986 tres
573 939 759 986 aetates
780 931 1121 1003 conjunctae
1129 925 1235 986 illis
1254 926 1497 1000 duabuS,
1516 927 1764 1011 quinque
1788 926 2020 985 faciunt.

281 1013 521 1074 Proinde
547 1027 750 1073 sextam
763 1014 1052 1075 inchoavit
1063 1014 1321 1074 nativitas
1343 1017 1569 1075 Domini
1586 1032 1715 1097 quae
1735 1030 1888 1101 nunc
1915 1011 2030 1091 agi-

289 1115 382 1160 tur
397 1123 568 1182 usque
580 1101 651 1160 ad
666 1101 951 1160 occultum
966 1102 1229 1202 temporis
1247 1102 1432 1163 finem.
1452 1103 1620 1163 Hunc
1638 1103 1911 1163 senarium
1931 1121 2031 1160 nu-

287 1212 500 1250 merum
521 1189 823 1271 quamdam
857 1191 1119 1272 temporis
1163 1206 1345 1268 gerere
1373 1193 1632 1270 figuram,
1663 1193 1828 1252 etiam
1851 1192 1912 1250 in
1933 1186 2029 1250 illa

285 1280 498 1339 ratione
542 1280 837 1362 tripartitae
878 1279 1283 1341 distributionis
1328 1283 1672 1358 agnoscimus
1700 1295 1811 1363 qua
1854 1295 2030 1339 unum

286 1383 502 1451 tempus
526 1384 918 1451 computamus
933 1383 1057 1430 ante
1065 1370 1261 1449 legem,
1279 1372 1510 1431 alterum
1526 1372 1633 1432 sub
1651 1371 1789 1448 lege,
1805 1369 2031 1430 tertium

286 1458 392 1517 sub
413 1459 601 1535 gratia.
636 1461 704 1517 In
723 1457 836 1540 quo
852 1473 1099 1542 tempore
1115 1475 1517 1521 sacramentum
1553 1458 1918 1522 renovationis
1935 1472 2032 1516 ac-

287 1549 566 1629 cepimus:
603 1562 668 1608 ut
700 1549 760 1608 in
801 1550 911 1609 fine
947 1551 1209 1632 temporis
1239 1551 1406 1610 etiam
1437 1550 1828 1611 resurrectione
1851 1545 2032 1607 carnis

287 1637 439 1696 omni
465 1659 526 1696 ex
552 1650 713 1718 parte
729 1638 1010 1712 renovati,
1038 1641 1110 1698 ab
1156 1641 1406 1701 universa
1423 1687 1438 1713 ,
1457 1659 1573 1698 non
1600 1638 1777 1698 solum
1807 1636 2024 1721 animae,

287 1726 644 1785 verumetiam
673 1727 923 1807 corporis
952 1727 1274 1788 infirmitate
1294 1742 1564 1788 sanemur.
1597 1726 1756 1786 Unde
1776 1722 2031 1800 intelligi-

288 1828 382 1873 tur
402 1814 498 1873 illa
518 1814 717 1874 mulier
731 1815 790 1873 in
805 1828 941 1896 typo
955 1816 1214 1876 Ecclesiae
1236 1839 1266 1875 a
1289 1818 1529 1875 Domino
1549 1829 1736 1875 sanata
1758 1827 1813 1873 et
1826 1825 2025 1883 erecta,

287 1924 457 1983 quam
486 1917 810 1964 curvaverat
834 1906 1127 1964 infirmitas
1151 1906 1406 1982 alligante
1424 1905 1686 1965 Satanast.
1715 1907 1800 1964 De
1826 1901 2032 1961 talibus

286 1993 432 2050 enim
459 1992 690 2050 occultis
716 1991 1012 2051 hostilibus
1037 1993 1254 2074 plangit
1287 1994 1382 2052 illa
1411 2007 1514 2053 vox
1554 1992 1796 2051 Psalmi:
1828 2017 1856 2043 «
1874 1992 2029 2049 Cur-

288 2106 317 2135 »
339 2094 609 2141 vaverunt
648 2081 888 2140 animam
918 2100 1096 2160 meam
1112 2083 1156 2143 2.
1193 2109 1220 2137 ³>
1252 2083 1390 2142 Haec
1415 2094 1595 2141 autem
1621 2080 1820 2139 mulier
1838 2078 2031 2138 decem

285 2182 340 2228 et
363 2182 490 2228 octo
536 2190 707 2228 annos
745 2169 992 2228 habebat
1014 2171 1074 2230 in
1103 2171 1443 2244 infirmitate,
1489 2169 1645 2253 quod
1664 2181 1742 2229 est
1774 2182 1857 2228 ter
1890 2169 2021 2227 seni.

288 2259 704 2317 Menses-autem
719 2278 994 2341 annorum
1017 2258 1210 2318 decem
1224 2272 1279 2318 et
1304 2271 1431 2319 octo
1452 2259 1810 2321 inveniuntur
1832 2257 1891 2317 in
1910 2268 2032 2314 ’1111-

286 2368 438 2405 111610
482 2346 646 2406 solidi
667 2346 927 2429 quadrati
955 2349 1174 2421 senarii,
1206 2348 1360 2430 quod
1387 2361 1468 2408 est
1491 2349 1650 2409 sexies
1677 2348 1814 2420 seni,¹
1846 2358 1899 2405 et
1918 2345 2033 2403 hoc

294 2435 472 2495 sexies,
513 2435 679 2494 Juxta
713 2436 925 2517 quippe
955 2450 1035 2495 est
1069 2436 1128 2495 in
1155 2437 1348 2496 eodem
1375 2436 1658 2513 Evangelii
1683 2436 1832 2508 loco,
1864 2433 2032 2494 arhor

287 2545 511 2605 quoque
530 2523 624 2583 illa
665 2525 903 2583 ficulnea
917 2524 964 2598 ὅ,
1009 2529 1170 2602 cujus
1206 2527 1459 2586 miseram
1493 2525 1830 2585 sterilitatem
1865 2522 2031 2581 etiam

291 2613 483 2672 tertius
507 2634 681 2671 annus
701 2614 986 2691 arguebat,
1013 2615 1201 2674 sedita
1224 2637 1330 2697 pro
1355 2615 1450 2675 illa
1471 2616 1824 2674 intercessum
1839 2623 1942 2684 est,
1966 2622 2030 2668 ut

234 2700 246 2714 '
292 2700 659 2762 dimitteretur
677 2702 774 2762 illo
803 2724 968 2776 311110,
992 2717 1056 2762 ut
1077 2706 1119 2764 si
1141 2705 1387 2765 fructum
1407 2702 1592 2776 ferret,
1615 2702 1786 2772 bene3
1818 2700 1902 2759 sin
1921 2698 2031 2758 ali·-

291 2804 371 2849 ter
387 2838 403 2863 ‚
437 2791 794 2854 excideretur.
835 2794 980 2854 Nam
995 2806 1050 2851 et
1067 2807 1174 2853 tres
1194 2794 1323 2854 anni
1337 2792 1407 2852 ad
1420 2791 1669 2851 eamdem
1691 2787 2028 2871 tripartitam

287 2879 732 2940 distributionem
752 2881 1053 2962 pertinent,
1086 2896 1141 2942 et
1156 2901 1367 2942 menses
1391 2882 1565 2955 trium
1592 2899 1863 2939 annorum
1881 2878 2026 2958 qua-

281 2967 506 3027 dratum
528 2968 801 3029 senarium
820 2970 1054 3043 faciunt,
1078 2970 1233 3052 quod
1249 2983 1330 3028 est
1350 2970 1512 3029 sexies
1534 2969 1669 3049 seni.

309 3103 316 3109 .
365 3056 526 3117 vlu.
587 3060 777 3117 Annus
803 3061 972 3119 etiam
994 3076 1136 3119 unus
1153 3107 1168 3132 ,
1202 3059 1247 3119 si
1278 3059 1574 3120 duodecim
1595 3077 1804 3138 menses
1824 3053 2022 3132 integri

280 3145 701 3209 considerantur
718 3192 734 3221 ,
761 3162 901 3229 quos
920 3149 1123 3225 vtriceni
1144 3147 1261 3208 dies
1281 3149 1565 3232 complent
1597 3146 1794 3231 (talem
1809 3144 2024 3228 quippe

336 3253 354 3286 ²
374 3255 471 3297 Luc.
489 3265 585 3306 xm,
605 3265 674 3297 11.
695 3250 792 3287 -2
806 3252 911 3296 Psal.
937 3264 1023 3312 tm,
1046 3269 1087 3308 7.
1109 3273 1168 3287 --
1188 3250 1210 3286 3
1227 3256 1328 3298 Luc.
1345 3267 1448 3305 xm,
1465 3255 1511 3301 6.
