<?xml version="1.0" encoding="UTF-8"?>
<!DOCTYPE html PUBLIC "-//W3C//DTD XHTML 1.0 Transitional//EN"
    "http://www.w3.org/TR/xhtml1/DTD/xhtml1-transitional.dtd">
<html xmlns="http://www.w3.org/1999/xhtml" xml:lang="en" lang="en">
 <head>
  <title>
</title>
<meta http-equiv="Content-Type" content="text/html;charset=utf-8" />
  <meta name='ocr-system' content='tesseract 3.04.00' />
  <meta name='ocr-capabilities' content='ocr_page ocr_carea ocr_par ocr_line ocrx_word'/>
</head>
<body>
  <div class='ocr_page' id='page_1' title='image "./operaomniaaccura30auguuoft_0539.png"; bbox 0 0 2144 3808; ppageno 0'>
   <div class='ocr_carea' id='block_1_1' title="bbox 573 295 1830 371">
    <p class='ocr_par' dir='ltr' id='par_1_1' title="bbox 573 295 1830 371">
     <span class='ocr_line' id='line_1_1' title="bbox 573 295 1830 371; baseline 0.007 -29"><span class='ocrx_word' id='word_1_1' title='bbox 573 306 638 343; x_wconf 78' lang='lat' dir='ltr'>DE</span> <span class='ocrx_word' id='word_1_2' title='bbox 683 303 1002 356; x_wconf 72' lang='lat' dir='ltr'>Tle&#39;rA&#39;rE,</span> <span class='ocrx_word' id='word_1_3' title='bbox 1052 307 1161 346; x_wconf 78' lang='lat' dir='ltr'>Lm,</span> <span class='ocrx_word' id='word_1_4' title='bbox 1216 305 1337 346; x_wconf 81' lang='lat' dir='ltr'>xm.</span> <span class='ocrx_word' id='word_1_5' title='bbox 1715 295 1830 371; x_wconf 80' lang='lat'>529</span> 
     </span>
    </p>
   </div>
   <div class='ocr_carea' id='block_1_2' title="bbox 84 382 1837 3257">
    <p class='ocr_par' dir='ltr' id='par_1_2' title="bbox 84 382 1837 3257">
     <span class='ocr_line' id='line_1_2' title="bbox 104 382 1829 468; baseline 0.004 -26"><span class='ocrx_word' id='word_1_6' title='bbox 104 411 131 436; x_wconf 87' lang='lat'>»</span> <span class='ocrx_word' id='word_1_7' title='bbox 160 384 326 457; x_wconf 84' lang='lat' dir='ltr'>scire,</span> <span class='ocrx_word' id='word_1_8' title='bbox 369 386 582 466; x_wconf 89' lang='lat' dir='ltr'>inquit,</span> <span class='ocrx_word' id='word_1_9' title='bbox 618 399 886 466; x_wconf 85' lang='lat' dir='ltr'>quantum</span> <span class='ocrx_word' id='word_1_10' title='bbox 923 399 1196 443; x_wconf 86' lang='lat' dir='ltr'>certamen</span> <span class='ocrx_word' id='word_1_11' title='bbox 1227 388 1463 446; x_wconf 84' lang='lat' dir='ltr'>habeam</span> <span class='ocrx_word' id='word_1_12' title='bbox 1507 410 1610 468; x_wconf 88' lang='lat' dir='ltr'>pro</span> <span class='ocrx_word' id='word_1_13' title='bbox 1643 382 1829 465; x_wconf 84' lang='lat' dir='ltr'>vobis,</span> 
     </span>
     <span class='ocr_line' id='line_1_3' title="bbox 101 472 1832 553; baseline 0.006 -25"><span class='ocrx_word' id='word_1_14' title='bbox 101 498 127 523; x_wconf 86' lang='lat'>»</span> <span class='ocrx_word' id='word_1_15' title='bbox 154 484 208 528; x_wconf 92' lang='lat' dir='ltr'>et</span> <span class='ocrx_word' id='word_1_16' title='bbox 234 494 338 551; x_wconf 88' lang='lat' dir='ltr'>pro</span> <span class='ocrx_word' id='word_1_17' title='bbox 366 473 428 529; x_wconf 91' lang='lat' dir='ltr'>iis</span> <span class='ocrx_word' id='word_1_18' title='bbox 458 473 554 552; x_wconf 89' lang='lat' dir='ltr'>qui</span> <span class='ocrx_word' id='word_1_19' title='bbox 586 485 713 530; x_wconf 88' lang='lat' dir='ltr'>sunt</span> <span class='ocrx_word' id='word_1_20' title='bbox 740 472 1015 530; x_wconf 83' lang='lat' dir='ltr'>Laodiciae</span> <span class='ocrx_word' id='word_1_21' title='bbox 1035 519 1049 542; x_wconf 82' lang='lat'>‚</span> <span class='ocrx_word' id='word_1_22' title='bbox 1083 486 1134 530; x_wconf 81' lang='lat' dir='ltr'>et</span> <span class='ocrx_word' id='word_1_23' title='bbox 1165 473 1502 553; x_wconf 87' lang='lat' dir='ltr'>quicumque</span> <span class='ocrx_word' id='word_1_24' title='bbox 1538 497 1649 535; x_wconf 90' lang='lat' dir='ltr'>non</span> <span class='ocrx_word' id='word_1_25' title='bbox 1673 479 1832 539; x_wconf 87' lang='lat' dir='ltr'>vide-</span> 
     </span>
     <span class='ocr_line' id='line_1_4' title="bbox 100 558 1835 629; baseline 0.006 -14"><span class='ocrx_word' id='word_1_26' title='bbox 100 583 126 609; x_wconf 91' lang='lat'>»</span> <span class='ocrx_word' id='word_1_27' title='bbox 155 571 284 615; x_wconf 89' lang='lat' dir='ltr'>runt</span> <span class='ocrx_word' id='word_1_28' title='bbox 328 558 522 617; x_wconf 82' lang='lat' dir='ltr'>faciem</span> <span class='ocrx_word' id='word_1_29' title='bbox 569 580 746 616; x_wconf 90' lang='lat' dir='ltr'>meam</span> <span class='ocrx_word' id='word_1_30' title='bbox 788 559 847 616; x_wconf 93' lang='lat' dir='ltr'>in</span> <span class='ocrx_word' id='word_1_31' title='bbox 896 580 1059 616; x_wconf 88' lang='lat' dir='ltr'>carne</span> <span class='ocrx_word' id='word_1_32' title='bbox 1082 605 1096 629; x_wconf 93' lang='grc'><strong>,</strong></span> <span class='ocrx_word' id='word_1_33' title='bbox 1147 572 1208 616; x_wconf 84' lang='grc'>111</span> <span class='ocrx_word' id='word_1_34' title='bbox 1259 560 1613 620; x_wconf 82' lang='lat' dir='ltr'>consolentur</span> <span class='ocrx_word' id='word_1_35' title='bbox 1665 567 1835 626; x_wconf 89' lang='lat' dir='ltr'>corda</span> 
     </span>
     <span class='ocr_line' id='line_1_5' title="bbox 99 645 1833 732; baseline 0.006 -30"><span class='ocrx_word' id='word_1_36' title='bbox 99 671 127 697; x_wconf 86' lang='lat'>&gt;›</span> <span class='ocrx_word' id='word_1_37' title='bbox 156 666 366 717; x_wconf 80' lang='lat' dir='ltr'>eorum,</span> <span class='ocrx_word' id='word_1_38' title='bbox 385 645 630 726; x_wconf 87' lang='lat' dir='ltr'>copulati</span> <span class='ocrx_word' id='word_1_39' title='bbox 656 647 714 703; x_wconf 91' lang='lat' dir='ltr'>in</span> <span class='ocrx_word' id='word_1_40' title='bbox 742 646 1008 704; x_wconf 80' lang='lat' dir='ltr'>charitate</span> <span class='ocrx_word' id='word_1_41' title='bbox 1037 659 1089 702; x_wconf 92' lang='lat' dir='ltr'>et</span> <span class='ocrx_word' id='word_1_42' title='bbox 1115 647 1173 703; x_wconf 91' lang='lat' dir='ltr'>in</span> <span class='ocrx_word' id='word_1_43' title='bbox 1203 648 1458 705; x_wconf 88' lang='lat' dir='ltr'>omnibus</span> <span class='ocrx_word' id='word_1_44' title='bbox 1486 648 1688 709; x_wconf 89' lang='lat' dir='ltr'>divitiis</span> <span class='ocrx_word' id='word_1_45' title='bbox 1717 653 1833 732; x_wconf 91' lang='lat' dir='ltr'>ple·</span> 
     </span>
     <span class='ocr_line' id='line_1_6' title="bbox 99 733 1827 813; baseline 0.005 -23"><span class='ocrx_word' id='word_1_46' title='bbox 99 758 127 784; x_wconf 72' lang='lat'>&gt;2</span> <span class='ocrx_word' id='word_1_47' title='bbox 157 733 419 791; x_wconf 89' lang='lat' dir='ltr'>nitudinis</span> <span class='ocrx_word' id='word_1_48' title='bbox 453 734 757 792; x_wconf 86' lang='lat' dir='ltr'>intellectus</span> <span class='ocrx_word' id='word_1_49' title='bbox 788 734 857 791; x_wconf 88' lang='lat' dir='ltr'>ad</span> <span class='ocrx_word' id='word_1_50' title='bbox 887 734 1327 811; x_wconf 87' lang='lat' dir='ltr'>cognoscendum</span> <span class='ocrx_word' id='word_1_51' title='bbox 1347 737 1669 813; x_wconf 80' lang='lat' dir='ltr'>mysterium</span> <span class='ocrx_word' id='word_1_52' title='bbox 1694 742 1827 812; x_wconf 89' lang='lat' dir='ltr'>Dei,</span> 
     </span>
     <span class='ocr_line' id='line_1_7' title="bbox 99 820 1831 901; baseline 0.008 -27"><span class='ocrx_word' id='word_1_53' title='bbox 99 844 127 874; x_wconf 78' lang='lat'>1&gt;</span> <span class='ocrx_word' id='word_1_54' title='bbox 156 820 307 899; x_wconf 90' lang='lat' dir='ltr'>quod</span> <span class='ocrx_word' id='word_1_55' title='bbox 340 834 418 878; x_wconf 89' lang='lat' dir='ltr'>est</span> <span class='ocrx_word' id='word_1_56' title='bbox 459 821 709 879; x_wconf 88' lang='lat' dir='ltr'>Christus</span> <span class='ocrx_word' id='word_1_57' title='bbox 747 821 932 892; x_wconf 77' lang='lat' dir='ltr'>Jesus,</span> <span class='ocrx_word' id='word_1_58' title='bbox 984 823 1042 879; x_wconf 91' lang='lat' dir='ltr'>in</span> <span class='ocrx_word' id='word_1_59' title='bbox 1070 841 1180 901; x_wconf 90' lang='lat' dir='ltr'>quo</span> <span class='ocrx_word' id='word_1_60' title='bbox 1210 834 1337 878; x_wconf 87' lang='lat' dir='ltr'>sunt</span> <span class='ocrx_word' id='word_1_61' title='bbox 1366 843 1551 881; x_wconf 91' lang='lat' dir='ltr'>omnes</span> <span class='ocrx_word' id='word_1_62' title='bbox 1590 826 1831 889; x_wconf 83' lang='lat' dir='ltr'>thesauri</span> 
     </span>
     <span class='ocr_line' id='line_1_8' title="bbox 99 907 1827 986; baseline 0.008 -24"><span class='ocrx_word' id='word_1_63' title='bbox 99 932 126 958; x_wconf 73' lang='lat'>&gt;2</span> <span class='ocrx_word' id='word_1_64' title='bbox 155 907 434 986; x_wconf 86' lang='lat' dir='ltr'>sapientiae</span> <span class='ocrx_word' id='word_1_65' title='bbox 453 920 508 964; x_wconf 93' lang='lat' dir='ltr'>et</span> <span class='ocrx_word' id='word_1_66' title='bbox 530 907 770 964; x_wconf 80' lang='lat' dir='ltr'>scientiae</span> <span class='ocrx_word' id='word_1_67' title='bbox 819 907 1128 966; x_wconf 83' lang='lat' dir='ltr'>absconditi</span> <span class='ocrx_word' id='word_1_68' title='bbox 1149 907 1190 964; x_wconf 74' lang='lat'>1.</span> <span class='ocrx_word' id='word_1_69' title='bbox 1216 933 1242 959; x_wconf 69' lang='lat'>&gt;³</span> <span class='ocrx_word' id='word_1_70' title='bbox 1289 909 1573 979; x_wconf 78' lang='lat' dir='ltr'>Quatenus</span> <span class='ocrx_word' id='word_1_71' title='bbox 1602 931 1827 975; x_wconf 88' lang='lat' dir='ltr'>noverat</span> 
     </span>
     <span class='ocr_line' id='line_1_9' title="bbox 101 992 1829 1075; baseline 0.006 -24"><span class='ocrx_word' id='word_1_72' title='bbox 101 992 391 1073; x_wconf 88' lang='lat' dir='ltr'>Apostolus</span> <span class='ocrx_word' id='word_1_73' title='bbox 422 993 705 1051; x_wconf 79' lang='lat' dir='ltr'>thesauros</span> <span class='ocrx_word' id='word_1_74' title='bbox 732 994 862 1050; x_wconf 88' lang='lat' dir='ltr'>istos</span> <span class='ocrx_word' id='word_1_75' title='bbox 880 1040 895 1064; x_wconf 88' lang='grc'><strong>,</strong></span> <span class='ocrx_word' id='word_1_76' title='bbox 927 1009 1195 1074; x_wconf 89' lang='lat' dir='ltr'>quantum</span> <span class='ocrx_word' id='word_1_77' title='bbox 1224 1014 1411 1050; x_wconf 89' lang='lat' dir='ltr'>eorum</span> <span class='ocrx_word' id='word_1_78' title='bbox 1433 1010 1829 1075; x_wconf 85' lang='lat' dir='ltr'>penetraverat,</span> 
     </span>
     <span class='ocr_line' id='line_1_10' title="bbox 99 1079 1833 1173; baseline 0.005 -36"><span class='ocrx_word' id='word_1_79' title='bbox 99 1080 236 1137; x_wconf 85' lang='lat' dir='ltr'>etin</span> <span class='ocrx_word' id='word_1_80' title='bbox 263 1081 336 1138; x_wconf 91' lang='lat' dir='ltr'>eis</span> <span class='ocrx_word' id='word_1_81' title='bbox 365 1079 436 1137; x_wconf 87' lang='lat' dir='ltr'>ad</span> <span class='ocrx_word' id='word_1_82' title='bbox 472 1093 675 1160; x_wconf 88' lang='lat' dir='ltr'>quanta</span> <span class='ocrx_word' id='word_1_83' title='bbox 716 1096 1069 1160; x_wconf 79' lang='lat' dir='ltr'>pervenerat,</span> <span class='ocrx_word' id='word_1_84' title='bbox 1114 1081 1235 1165; x_wconf 79' lang='lat' dir='ltr'>quis</span> <span class='ocrx_word' id='word_1_85' title='bbox 1267 1092 1446 1160; x_wconf 80' lang='lat' dir='ltr'>potest</span> <span class='ocrx_word' id='word_1_86' title='bbox 1476 1091 1668 1143; x_wconf 63' lang='lat' dir='ltr'>nosse?</span> <span class='ocrx_word' id='word_1_87' title='bbox 1718 1091 1833 1173; x_wconf 75' lang='lat' dir='ltr'>Eg&#39;o</span> 
     </span>
     <span class='ocr_line' id='line_1_11' title="bbox 100 1169 1837 1254; baseline 0.004 -28"><span class='ocrx_word' id='word_1_88' title='bbox 100 1181 283 1228; x_wconf 89' lang='lat' dir='ltr'>tamen</span> <span class='ocrx_word' id='word_1_89' title='bbox 305 1169 607 1227; x_wconf 88' lang='lat' dir='ltr'>secundum</span> <span class='ocrx_word' id='word_1_90' title='bbox 638 1169 697 1226; x_wconf 85' lang='lat' dir='ltr'>id</span> <span class='ocrx_word' id='word_1_91' title='bbox 724 1169 872 1248; x_wconf 89' lang='lat' dir='ltr'>quod</span> <span class='ocrx_word' id='word_1_92' title='bbox 903 1172 1169 1251; x_wconf 88' lang='lat' dir='ltr'>scriptum</span> <span class='ocrx_word' id='word_1_93' title='bbox 1201 1182 1280 1226; x_wconf 87' lang='lat' dir='ltr'>est</span> <span class='ocrx_word' id='word_1_94' title='bbox 1302 1215 1316 1240; x_wconf 89' lang='grc'><strong>,</strong></span> <span class='ocrx_word' id='word_1_95' title='bbox 1354 1194 1380 1221; x_wconf 78' lang='lat' dir='ltr'>c&lt;</span> <span class='ocrx_word' id='word_1_96' title='bbox 1402 1170 1710 1254; x_wconf 88' lang='lat' dir='ltr'>Unicuique</span> <span class='ocrx_word' id='word_1_97' title='bbox 1743 1200 1837 1236; x_wconf 86' lang='lat' dir='ltr'>au-</span> 
     </span>
     <span class='ocr_line' id='line_1_12' title="bbox 101 1255 1830 1338; baseline 0.008 -30"><span class='ocrx_word' id='word_1_98' title='bbox 101 1282 128 1309; x_wconf 87' lang='lat'>»</span> <span class='ocrx_word' id='word_1_99' title='bbox 157 1269 264 1313; x_wconf 88' lang='lat' dir='ltr'>tem</span> <span class='ocrx_word' id='word_1_100' title='bbox 294 1269 540 1314; x_wconf 87' lang='lat' dir='ltr'>nostrum</span> <span class='ocrx_word' id='word_1_101' title='bbox 569 1255 732 1314; x_wconf 88' lang='lat' dir='ltr'>datur</span> <span class='ocrx_word' id='word_1_102' title='bbox 757 1256 1118 1314; x_wconf 81' lang='lat' dir='ltr'>manifestatio</span> <span class='ocrx_word' id='word_1_103' title='bbox 1148 1256 1384 1335; x_wconf 80' lang='lat' dir='ltr'>Spiritus</span> <span class='ocrx_word' id='word_1_104' title='bbox 1411 1255 1480 1312; x_wconf 87' lang='lat' dir='ltr'>ad</span> <span class='ocrx_word' id='word_1_105' title='bbox 1511 1259 1830 1338; x_wconf 86' lang='lat' dir='ltr'>utilitatem,</span> 
     </span>
     <span class='ocr_line' id='line_1_13' title="bbox 99 1342 1828 1424; baseline 0.008 -26"><span class='ocrx_word' id='word_1_106' title='bbox 99 1342 128 1397; x_wconf 76' lang='lat'>3&gt;</span> <span class='ocrx_word' id='word_1_107' title='bbox 158 1343 247 1401; x_wconf 87' lang='lat' dir='ltr'>alii</span> <span class='ocrx_word' id='word_1_108' title='bbox 273 1343 496 1424; x_wconf 89' lang='lat' dir='ltr'>quidem</span> <span class='ocrx_word' id='word_1_109' title='bbox 524 1343 685 1401; x_wconf 86' lang='lat' dir='ltr'>datur</span> <span class='ocrx_word' id='word_1_110' title='bbox 717 1365 815 1423; x_wconf 90' lang='lat' dir='ltr'>per</span> <span class='ocrx_word' id='word_1_111' title='bbox 860 1344 1129 1423; x_wconf 85' lang='lat' dir='ltr'>Spiritum</span> <span class='ocrx_word' id='word_1_112' title='bbox 1174 1365 1350 1400; x_wconf 89' lang='lat' dir='ltr'>sermo</span> <span class='ocrx_word' id='word_1_113' title='bbox 1394 1345 1697 1423; x_wconf 87' lang='lat' dir='ltr'>sapientiae,</span> <span class='ocrx_word' id='word_1_114' title='bbox 1739 1353 1828 1411; x_wconf 86' lang='lat' dir='ltr'>alii</span> 
     </span>
     <span class='ocr_line' id='line_1_14' title="bbox 103 1432 1832 1511; baseline 0.003 -26"><span class='ocrx_word' id='word_1_115' title='bbox 103 1461 129 1486; x_wconf 85' lang='lat'>»</span> <span class='ocrx_word' id='word_1_116' title='bbox 158 1455 332 1491; x_wconf 89' lang='lat' dir='ltr'>sermo</span> <span class='ocrx_word' id='word_1_117' title='bbox 370 1433 611 1490; x_wconf 79' lang='lat' dir='ltr'>scientiae</span> <span class='ocrx_word' id='word_1_118' title='bbox 640 1432 941 1491; x_wconf 86' lang='lat' dir='ltr'>secundum</span> <span class='ocrx_word' id='word_1_119' title='bbox 973 1433 1226 1492; x_wconf 86' lang='lat' dir='ltr'>eumdem</span> <span class='ocrx_word' id='word_1_120' title='bbox 1267 1432 1537 1511; x_wconf 87' lang='lat' dir='ltr'>Spiritum</span> <span class='ocrx_word' id='word_1_121' title='bbox 1559 1435 1605 1506; x_wconf 78' lang='lat'>2,</span> <span class='ocrx_word' id='word_1_122' title='bbox 1628 1463 1655 1489; x_wconf 84' lang='lat'>»</span> <span class='ocrx_word' id='word_1_123' title='bbox 1686 1440 1728 1496; x_wconf 80' lang='lat' dir='ltr'>si</span> <span class='ocrx_word' id='word_1_124' title='bbox 1754 1442 1832 1501; x_wconf 72' lang='lat' dir='ltr'>ita</span> 
     </span>
     <span class='ocr_line' id='line_1_15' title="bbox 101 1519 1830 1600; baseline 0.005 -21"><span class='ocrx_word' id='word_1_125' title='bbox 101 1522 241 1580; x_wconf 90' lang='lat' dir='ltr'>inter</span> <span class='ocrx_word' id='word_1_126' title='bbox 281 1543 334 1579; x_wconf 91' lang='lat' dir='ltr'>se</span> <span class='ocrx_word' id='word_1_127' title='bbox 362 1521 566 1578; x_wconf 87' lang='lat' dir='ltr'>distant</span> <span class='ocrx_word' id='word_1_128' title='bbox 604 1521 727 1579; x_wconf 85' lang='lat' dir='ltr'>haec</span> <span class='ocrx_word' id='word_1_129' title='bbox 758 1520 898 1592; x_wconf 81' lang='lat' dir='ltr'>dun,</span> <span class='ocrx_word' id='word_1_130' title='bbox 943 1535 1004 1579; x_wconf 91' lang='lat' dir='ltr'>ut</span> <span class='ocrx_word' id='word_1_131' title='bbox 1043 1520 1310 1600; x_wconf 84' lang='lat' dir='ltr'>sapientia</span> <span class='ocrx_word' id='word_1_132' title='bbox 1338 1519 1567 1594; x_wconf 86' lang='lat' dir='ltr'>divinis,</span> <span class='ocrx_word' id='word_1_133' title='bbox 1606 1525 1830 1588; x_wconf 87' lang='lat' dir='ltr'>scientia</span> 
     </span>
     <span class='ocr_line' id='line_1_16' title="bbox 101 1608 1826 1689; baseline 0.004 -22"><span class='ocrx_word' id='word_1_134' title='bbox 101 1610 356 1668; x_wconf 88' lang='lat' dir='ltr'>humanis</span> <span class='ocrx_word' id='word_1_135' title='bbox 375 1609 636 1667; x_wconf 84' lang='lat' dir='ltr'>attributa</span> <span class='ocrx_word' id='word_1_136' title='bbox 648 1609 716 1665; x_wconf 89' lang='lat' dir='ltr'>sit</span> <span class='ocrx_word' id='word_1_137' title='bbox 731 1608 1239 1688; x_wconf 34' lang='lat' dir='ltr'>rehum-utrumque</span> <span class='ocrx_word' id='word_1_138' title='bbox 1255 1627 1487 1682; x_wconf 86' lang='lat' dir='ltr'>agnosco</span> <span class='ocrx_word' id='word_1_139' title='bbox 1501 1609 1560 1666; x_wconf 87' lang='lat' dir='ltr'>in</span> <span class='ocrx_word' id='word_1_140' title='bbox 1584 1612 1826 1689; x_wconf 81' lang='lat' dir='ltr'>Christo,</span> 
     </span>
     <span class='ocr_line' id='line_1_17' title="bbox 103 1695 1832 1773; baseline 0.003 -16"><span class='ocrx_word' id='word_1_141' title='bbox 103 1713 156 1757; x_wconf 83' lang='lat' dir='ltr'>et</span> <span class='ocrx_word' id='word_1_142' title='bbox 174 1720 390 1757; x_wconf 88' lang='lat' dir='ltr'>mecum</span> <span class='ocrx_word' id='word_1_143' title='bbox 413 1697 588 1755; x_wconf 90' lang='lat' dir='ltr'>omnis</span> <span class='ocrx_word' id='word_1_144' title='bbox 608 1702 722 1773; x_wconf 83' lang='lat' dir='ltr'>ejus</span> <span class='ocrx_word' id='word_1_145' title='bbox 745 1697 936 1756; x_wconf 83' lang='lat' dir='ltr'>fidelis,</span> <span class='ocrx_word' id='word_1_146' title='bbox 975 1699 1047 1755; x_wconf 89' lang='lat' dir='ltr'>Et</span> <span class='ocrx_word' id='word_1_147' title='bbox 1074 1717 1199 1754; x_wconf 88' lang='lat' dir='ltr'>cum</span> <span class='ocrx_word' id='word_1_148' title='bbox 1222 1695 1364 1770; x_wconf 81' lang='lat' dir='ltr'>lego,</span> <span class='ocrx_word' id='word_1_149' title='bbox 1391 1721 1418 1748; x_wconf 91' lang='lat'>«</span> <span class='ocrx_word' id='word_1_150' title='bbox 1438 1696 1681 1758; x_wconf 86' lang='lat' dir='ltr'>Verbum</span> <span class='ocrx_word' id='word_1_151' title='bbox 1704 1724 1832 1762; x_wconf 88' lang='lat' dir='ltr'>caro</span> 
     </span>
     <span class='ocr_line' id='line_1_18' title="bbox 104 1778 1821 1866; baseline 0.003 -23"><span class='ocrx_word' id='word_1_152' title='bbox 104 1813 129 1839; x_wconf 84' lang='lat'>›&gt;</span> <span class='ocrx_word' id='word_1_153' title='bbox 160 1783 366 1844; x_wconf 87' lang='lat' dir='ltr'>factum</span> <span class='ocrx_word' id='word_1_154' title='bbox 395 1798 503 1856; x_wconf 87' lang='lat' dir='ltr'>est,</span> <span class='ocrx_word' id='word_1_155' title='bbox 537 1796 590 1842; x_wconf 89' lang='lat' dir='ltr'>et</span> <span class='ocrx_word' id='word_1_156' title='bbox 622 1784 899 1842; x_wconf 86' lang='lat' dir='ltr'>habitavit</span> <span class='ocrx_word' id='word_1_157' title='bbox 928 1784 986 1841; x_wconf 91' lang='lat' dir='ltr'>in</span> <span class='ocrx_word' id='word_1_158' title='bbox 1016 1783 1211 1849; x_wconf 89' lang='lat' dir='ltr'>nobis;</span> <span class='ocrx_word' id='word_1_159' title='bbox 1236 1808 1262 1834; x_wconf 85' lang='lat'>&gt;›</span> <span class='ocrx_word' id='word_1_160' title='bbox 1297 1783 1355 1838; x_wconf 88' lang='lat' dir='ltr'>in</span> <span class='ocrx_word' id='word_1_161' title='bbox 1377 1778 1556 1840; x_wconf 83' lang='lat' dir='ltr'>Verbo</span> <span class='ocrx_word' id='word_1_162' title='bbox 1577 1786 1821 1866; x_wconf 82' lang='lat' dir='ltr'>intelligo</span> 
     </span>
     <span class='ocr_line' id='line_1_19' title="bbox 102 1871 1830 1947; baseline 0.001 -14"><span class='ocrx_word' id='word_1_163' title='bbox 102 1896 290 1947; x_wconf 81' lang='lat' dir='ltr'>verum</span> <span class='ocrx_word' id='word_1_164' title='bbox 321 1874 424 1932; x_wconf 91' lang='lat' dir='ltr'>Dei</span> <span class='ocrx_word' id='word_1_165' title='bbox 449 1872 649 1931; x_wconf 86' lang='lat' dir='ltr'>Filium</span> <span class='ocrx_word' id='word_1_166' title='bbox 667 1919 682 1943; x_wconf 83' lang='lat'><strong>,</strong></span> <span class='ocrx_word' id='word_1_167' title='bbox 709 1873 767 1930; x_wconf 91' lang='lat' dir='ltr'>in</span> <span class='ocrx_word' id='word_1_168' title='bbox 797 1894 957 1930; x_wconf 87' lang='lat' dir='ltr'>carne</span> <span class='ocrx_word' id='word_1_169' title='bbox 987 1891 1221 1947; x_wconf 87' lang='lat' dir='ltr'>agnosco</span> <span class='ocrx_word' id='word_1_170' title='bbox 1263 1890 1455 1928; x_wconf 91' lang='lat' dir='ltr'>verum</span> <span class='ocrx_word' id='word_1_171' title='bbox 1489 1871 1728 1934; x_wconf 87' lang='lat' dir='ltr'>hominis</span> <span class='ocrx_word' id='word_1_172' title='bbox 1757 1880 1830 1936; x_wconf 88' lang='lat' dir='ltr'>fi-</span> 
     </span>
     <span class='ocr_line' id='line_1_20' title="bbox 104 1958 1830 2040; baseline 0.001 -20"><span class='ocrx_word' id='word_1_173' title='bbox 104 1962 264 2033; x_wconf 85' lang='lat' dir='ltr'>lium,</span> <span class='ocrx_word' id='word_1_174' title='bbox 296 1975 350 2019; x_wconf 91' lang='grc'>61</span> <span class='ocrx_word' id='word_1_175' title='bbox 389 1974 681 2040; x_wconf 88' lang='lat' dir='ltr'>utrumque</span> <span class='ocrx_word' id='word_1_176' title='bbox 708 1958 870 2016; x_wconf 90' lang='lat' dir='ltr'>simul</span> <span class='ocrx_word' id='word_1_177' title='bbox 898 1959 956 2016; x_wconf 91' lang='lat' dir='ltr'>in</span> <span class='ocrx_word' id='word_1_178' title='bbox 991 1979 1155 2015; x_wconf 90' lang='lat' dir='ltr'>unam</span> <span class='ocrx_word' id='word_1_179' title='bbox 1185 1976 1475 2035; x_wconf 88' lang='lat' dir='ltr'>personam</span> <span class='ocrx_word' id='word_1_180' title='bbox 1510 1959 1610 2017; x_wconf 93' lang='lat' dir='ltr'>Dei</span> <span class='ocrx_word' id='word_1_181' title='bbox 1636 1975 1690 2020; x_wconf 89' lang='lat' dir='ltr'>et</span> <span class='ocrx_word' id='word_1_182' title='bbox 1720 1964 1830 2022; x_wconf 90' lang='lat' dir='ltr'>ho-</span> 
     </span>
     <span class='ocr_line' id='line_1_21' title="bbox 102 2045 1830 2129; baseline -0.002 -21"><span class='ocrx_word' id='word_1_183' title='bbox 102 2050 263 2108; x_wconf 90' lang='lat' dir='ltr'>minis</span> <span class='ocrx_word' id='word_1_184' title='bbox 284 2047 548 2107; x_wconf 85' lang='lat' dir='ltr'>ineffabili</span> <span class='ocrx_word' id='word_1_185' title='bbox 563 2047 752 2123; x_wconf 86' lang='lat' dir='ltr'>gratiae</span> <span class='ocrx_word' id='word_1_186' title='bbox 770 2045 1016 2122; x_wconf 84' lang='lat' dir='ltr'>largitate</span> <span class='ocrx_word' id='word_1_187' title='bbox 1034 2048 1411 2118; x_wconf 87' lang='lat' dir='ltr'>conjunctum.</span> <span class='ocrx_word' id='word_1_188' title='bbox 1430 2045 1666 2124; x_wconf 86' lang='lat' dir='ltr'>Propter</span> <span class='ocrx_word' id='word_1_189' title='bbox 1679 2052 1830 2129; x_wconf 89' lang='lat' dir='ltr'>quod</span> 
     </span>
     <span class='ocr_line' id='line_1_22' title="bbox 84 2119 1829 2220; baseline -0.001 -23"><span class='ocrx_word' id='word_1_190' title='bbox 84 2119 347 2220; x_wconf 46' lang='lat' dir='ltr'>&#39;sequitur</span> <span class='ocrx_word' id='word_1_191' title='bbox 387 2150 440 2195; x_wconf 89' lang='lat' dir='ltr'>et</span> <span class='ocrx_word' id='word_1_192' title='bbox 487 2135 657 2206; x_wconf 86' lang='lat' dir='ltr'>dicit,</span> <span class='ocrx_word' id='word_1_193' title='bbox 710 2161 736 2187; x_wconf 75' lang='lat' dir='ltr'>c&lt;</span> <span class='ocrx_word' id='word_1_194' title='bbox 761 2135 833 2192; x_wconf 88' lang='lat' dir='ltr'>Et</span> <span class='ocrx_word' id='word_1_195' title='bbox 877 2133 1110 2192; x_wconf 84' lang='lat' dir='ltr'>vidimus</span> <span class='ocrx_word' id='word_1_196' title='bbox 1151 2130 1381 2206; x_wconf 85' lang='lat' dir='ltr'>gloriam</span> <span class='ocrx_word' id='word_1_197' title='bbox 1410 2135 1555 2205; x_wconf 75' lang='lat' dir='ltr'>eJUS,</span> <span class='ocrx_word' id='word_1_198' title='bbox 1601 2134 1829 2209; x_wconf 85' lang='lat' dir='ltr'>gloriam</span> 
     </span>
     <span class='ocr_line' id='line_1_23' title="bbox 106 2218 1829 2307; baseline -0.002 -28"><span class='ocrx_word' id='word_1_199' title='bbox 106 2254 132 2279; x_wconf 86' lang='lat'>))</span> <span class='ocrx_word' id='word_1_200' title='bbox 162 2225 319 2307; x_wconf 89' lang='lat' dir='ltr'>quasi</span> <span class='ocrx_word' id='word_1_201' title='bbox 339 2223 615 2299; x_wconf 88' lang='lat' dir='ltr'>Unigeniti</span> <span class='ocrx_word' id='word_1_202' title='bbox 648 2244 677 2279; x_wconf 86' lang='lat' dir='ltr'>a</span> <span class='ocrx_word' id='word_1_203' title='bbox 706 2222 899 2292; x_wconf 84' lang='lat' dir='ltr'>Patre,</span> <span class='ocrx_word' id='word_1_204' title='bbox 931 2220 1158 2300; x_wconf 89' lang='lat' dir='ltr'>plenum</span> <span class='ocrx_word' id='word_1_205' title='bbox 1189 2218 1378 2293; x_wconf 85' lang='lat' dir='ltr'>gratiae</span> <span class='ocrx_word' id='word_1_206' title='bbox 1399 2231 1452 2275; x_wconf 89' lang='lat' dir='ltr'>et</span> <span class='ocrx_word' id='word_1_207' title='bbox 1476 2220 1716 2297; x_wconf 79' lang='lat' dir='ltr'>veritatis</span> <span class='ocrx_word' id='word_1_208' title='bbox 1731 2223 1772 2282; x_wconf 79' lang='lat'>3.</span> <span class='ocrx_word' id='word_1_209' title='bbox 1803 2253 1829 2277; x_wconf 68' lang='lat'>&gt;2</span> 
     </span>
     <span class='ocr_line' id='line_1_24' title="bbox 108 2303 1833 2389; baseline -0.002 -18"><span class='ocrx_word' id='word_1_210' title='bbox 108 2314 166 2381; x_wconf 82' lang='lat' dir='ltr'>Si</span> <span class='ocrx_word' id='word_1_211' title='bbox 195 2313 422 2389; x_wconf 87' lang='lat' dir='ltr'>gratiam</span> <span class='ocrx_word' id='word_1_212' title='bbox 452 2310 743 2368; x_wconf 83' lang='lat' dir='ltr'>referamus</span> <span class='ocrx_word' id='word_1_213' title='bbox 776 2307 843 2366; x_wconf 89' lang='lat' dir='ltr'>ad</span> <span class='ocrx_word' id='word_1_214' title='bbox 872 2306 1182 2376; x_wconf 88' lang='lat' dir='ltr'>scientiam,</span> <span class='ocrx_word' id='word_1_215' title='bbox 1210 2303 1491 2362; x_wconf 83' lang='lat' dir='ltr'>veritatem</span> <span class='ocrx_word' id='word_1_216' title='bbox 1519 2307 1587 2364; x_wconf 85' lang='lat' dir='ltr'>ad</span> <span class='ocrx_word' id='word_1_217' title='bbox 1614 2310 1833 2388; x_wconf 89' lang='lat' dir='ltr'>sapien-</span> 
     </span>
     <span class='ocr_line' id='line_1_25' title="bbox 109 2394 1832 2482; baseline -0.002 -22"><span class='ocrx_word' id='word_1_218' title='bbox 109 2403 240 2461; x_wconf 91' lang='lat' dir='ltr'>tiam</span> <span class='ocrx_word' id='word_1_219' title='bbox 259 2448 274 2474; x_wconf 88' lang='lat'><strong>,</strong></span> <span class='ocrx_word' id='word_1_220' title='bbox 318 2413 457 2482; x_wconf 83' lang='lat' dir='ltr'>puto</span> <span class='ocrx_word' id='word_1_221' title='bbox 486 2419 586 2456; x_wconf 88' lang='lat' dir='ltr'>nos</span> <span class='ocrx_word' id='word_1_222' title='bbox 614 2398 686 2456; x_wconf 90' lang='lat' dir='ltr'>ab</span> <span class='ocrx_word' id='word_1_223' title='bbox 723 2396 816 2454; x_wconf 87' lang='lat' dir='ltr'>illa</span> <span class='ocrx_word' id='word_1_224' title='bbox 843 2395 1080 2454; x_wconf 87' lang='lat' dir='ltr'>duarum</span> <span class='ocrx_word' id='word_1_225' title='bbox 1121 2394 1348 2451; x_wconf 89' lang='lat' dir='ltr'>istarum</span> <span class='ocrx_word' id='word_1_226' title='bbox 1385 2415 1567 2452; x_wconf 90' lang='lat' dir='ltr'>rerum</span> <span class='ocrx_word' id='word_1_227' title='bbox 1596 2397 1832 2458; x_wconf 89' lang='lat' dir='ltr'>distinc-</span> 
     </span>
     <span class='ocr_line' id='line_1_26' title="bbox 108 2480 1830 2569; baseline -0.002 -20"><span class='ocrx_word' id='word_1_228' title='bbox 108 2493 274 2562; x_wconf 84' lang='lat' dir='ltr'>tione,</span> <span class='ocrx_word' id='word_1_229' title='bbox 307 2510 474 2569; x_wconf 90' lang='lat' dir='ltr'>quam</span> <span class='ocrx_word' id='word_1_230' title='bbox 509 2484 1047 2550; x_wconf 81' lang='lat' dir='ltr'>commendavimUS‚</span> <span class='ocrx_word' id='word_1_231' title='bbox 1082 2500 1194 2539; x_wconf 90' lang='lat' dir='ltr'>non</span> <span class='ocrx_word' id='word_1_232' title='bbox 1224 2480 1534 2541; x_wconf 83' lang='lat' dir='ltr'>abhorrere.</span> <span class='ocrx_word' id='word_1_233' title='bbox 1574 2485 1638 2542; x_wconf 90' lang='lat' dir='ltr'>ln</span> <span class='ocrx_word' id='word_1_234' title='bbox 1665 2487 1830 2546; x_wconf 88' lang='lat' dir='ltr'>rebus</span> 
     </span>
     <span class='ocr_line' id='line_1_27' title="bbox 106 2567 1828 2658; baseline -0.003 -21"><span class='ocrx_word' id='word_1_235' title='bbox 106 2580 248 2638; x_wconf 90' lang='lat' dir='ltr'>enim</span> <span class='ocrx_word' id='word_1_236' title='bbox 274 2598 372 2658; x_wconf 90' lang='lat' dir='ltr'>per</span> <span class='ocrx_word' id='word_1_237' title='bbox 393 2590 611 2655; x_wconf 88' lang='lat' dir='ltr'>tempus</span> <span class='ocrx_word' id='word_1_238' title='bbox 631 2573 763 2631; x_wconf 85' lang='lat' dir='ltr'>ortis</span> <span class='ocrx_word' id='word_1_239' title='bbox 779 2619 795 2644; x_wconf 93' lang='grc'><strong>,</strong></span> <span class='ocrx_word' id='word_1_240' title='bbox 819 2571 912 2629; x_wconf 89' lang='lat' dir='ltr'>illa</span> <span class='ocrx_word' id='word_1_241' title='bbox 934 2590 1146 2628; x_wconf 86' lang='lat' dir='ltr'>summa</span> <span class='ocrx_word' id='word_1_242' title='bbox 1167 2567 1337 2643; x_wconf 84' lang='lat' dir='ltr'>gratia</span> <span class='ocrx_word' id='word_1_243' title='bbox 1360 2580 1463 2640; x_wconf 90' lang='lat' dir='ltr'>est,</span> <span class='ocrx_word' id='word_1_244' title='bbox 1486 2570 1635 2649; x_wconf 88' lang='lat' dir='ltr'>quod</span> <span class='ocrx_word' id='word_1_245' title='bbox 1657 2572 1828 2632; x_wconf 91' lang='lat' dir='ltr'>homo</span> 
     </span>
     <span class='ocr_line' id='line_1_28' title="bbox 105 2656 1828 2744; baseline -0.003 -19"><span class='ocrx_word' id='word_1_246' title='bbox 105 2669 166 2726; x_wconf 89' lang='lat' dir='ltr'>in</span> <span class='ocrx_word' id='word_1_247' title='bbox 207 2666 414 2724; x_wconf 87' lang='lat' dir='ltr'>unitate</span> <span class='ocrx_word' id='word_1_248' title='bbox 452 2683 699 2744; x_wconf 86' lang='lat' dir='ltr'>personae</span> <span class='ocrx_word' id='word_1_249' title='bbox 728 2664 1056 2735; x_wconf 89' lang='lat' dir='ltr'>conjunctus</span> <span class='ocrx_word' id='word_1_250' title='bbox 1092 2669 1170 2713; x_wconf 90' lang='lat' dir='ltr'>est</span> <span class='ocrx_word' id='word_1_251' title='bbox 1212 2656 1326 2712; x_wconf 91' lang='lat' dir='ltr'>Deo</span> <span class='ocrx_word' id='word_1_252' title='bbox 1360 2676 1373 2710; x_wconf 74' lang='grc' dir='ltr'><strong><em>ε</em></strong></span> <span class='ocrx_word' id='word_1_253' title='bbox 1406 2656 1464 2711; x_wconf 93' lang='lat' dir='ltr'>in</span> <span class='ocrx_word' id='word_1_254' title='bbox 1499 2658 1662 2715; x_wconf 85' lang='lat' dir='ltr'>rebus</span> <span class='ocrx_word' id='word_1_255' title='bbox 1699 2680 1828 2720; x_wconf 87' lang='lat' dir='ltr'>vero</span> 
     </span>
     <span class='ocr_line' id='line_1_29' title="bbox 110 2743 1828 2820; baseline -0.004 -5"><span class='ocrx_word' id='word_1_256' title='bbox 110 2755 323 2816; x_wconf 84' lang='lat' dir='ltr'>aeternis</span> <span class='ocrx_word' id='word_1_257' title='bbox 351 2775 562 2812; x_wconf 88' lang='lat' dir='ltr'>summa</span> <span class='ocrx_word' id='word_1_258' title='bbox 588 2751 784 2812; x_wconf 84' lang='lat' dir='ltr'>veritas</span> <span class='ocrx_word' id='word_1_259' title='bbox 819 2761 962 2806; x_wconf 85' lang='lat' dir='ltr'>recte</span> <span class='ocrx_word' id='word_1_260' title='bbox 991 2743 1257 2803; x_wconf 87' lang='lat' dir='ltr'>tribuitur</span> <span class='ocrx_word' id='word_1_261' title='bbox 1294 2743 1393 2799; x_wconf 92' lang='lat' dir='ltr'>Dei</span> <span class='ocrx_word' id='word_1_262' title='bbox 1422 2744 1619 2805; x_wconf 82' lang='lat' dir='ltr'>Verbo,</span> <span class='ocrx_word' id='word_1_263' title='bbox 1659 2748 1828 2820; x_wconf 88' lang='lat' dir='ltr'>Quod</span> 
     </span>
     <span class='ocr_line' id='line_1_30' title="bbox 109 2829 1830 2921; baseline -0.003 -19"><span class='ocrx_word' id='word_1_264' title='bbox 109 2869 238 2908; x_wconf 85' lang='lat' dir='ltr'>vero</span> <span class='ocrx_word' id='word_1_265' title='bbox 264 2845 409 2902; x_wconf 91' lang='lat' dir='ltr'>idem</span> <span class='ocrx_word' id='word_1_266' title='bbox 448 2844 564 2921; x_wconf 88' lang='lat' dir='ltr'>ipse</span> <span class='ocrx_word' id='word_1_267' title='bbox 582 2853 670 2909; x_wconf 79' lang='lat' dir='ltr'>‚est</span> <span class='ocrx_word' id='word_1_268' title='bbox 698 2836 1019 2912; x_wconf 87' lang='lat' dir='ltr'>Unigenitus</span> <span class='ocrx_word' id='word_1_269' title='bbox 1052 2855 1080 2890; x_wconf 90' lang='lat' dir='ltr'>a</span> <span class='ocrx_word' id='word_1_270' title='bbox 1117 2834 1276 2889; x_wconf 80' lang='lat' dir='ltr'>Patre</span> <span class='ocrx_word' id='word_1_271' title='bbox 1306 2829 1531 2910; x_wconf 89' lang='lat' dir='ltr'>plenum</span> <span class='ocrx_word' id='word_1_272' title='bbox 1564 2836 1749 2909; x_wconf 85' lang='lat' dir='ltr'>gratiae</span> <span class='ocrx_word' id='word_1_273' title='bbox 1777 2852 1830 2897; x_wconf 91' lang='lat' dir='ltr'>et</span> 
     </span>
     <span class='ocr_line' id='line_1_31' title="bbox 112 2920 1830 3002; baseline -0.004 -7"><span class='ocrx_word' id='word_1_274' title='bbox 112 2935 352 2996; x_wconf 86' lang='lat' dir='ltr'>veritatis</span> <span class='ocrx_word' id='word_1_275' title='bbox 372 2979 385 3002; x_wconf 86' lang='lat'><strong><em>‚</em></strong></span> <span class='ocrx_word' id='word_1_276' title='bbox 418 2931 478 2989; x_wconf 89' lang='lat' dir='ltr'>id</span> <span class='ocrx_word' id='word_1_277' title='bbox 502 2942 686 2987; x_wconf 79' lang='lat' dir='ltr'>actum</span> <span class='ocrx_word' id='word_1_278' title='bbox 707 2940 785 2985; x_wconf 91' lang='lat' dir='ltr'>est</span> <span class='ocrx_word' id='word_1_279' title='bbox 813 2938 872 2983; x_wconf 85' lang='lat' dir='ltr'>ut</span> <span class='ocrx_word' id='word_1_280' title='bbox 898 2923 1041 2981; x_wconf 90' lang='lat' dir='ltr'>idem</span> <span class='ocrx_word' id='word_1_281' title='bbox 1063 2921 1179 3001; x_wconf 82' lang='lat' dir='ltr'>ipse</span> <span class='ocrx_word' id='word_1_282' title='bbox 1200 2920 1270 2977; x_wconf 88' lang='lat' dir='ltr'>sit</span> <span class='ocrx_word' id='word_1_283' title='bbox 1286 2921 1344 2976; x_wconf 89' lang='lat' dir='ltr'>in</span> <span class='ocrx_word' id='word_1_284' title='bbox 1361 2920 1524 2978; x_wconf 88' lang='lat' dir='ltr'>rebus</span> <span class='ocrx_word' id='word_1_285' title='bbox 1544 2943 1647 3002; x_wconf 86' lang='lat' dir='ltr'>pro</span> <span class='ocrx_word' id='word_1_286' title='bbox 1670 2927 1830 2987; x_wconf 90' lang='lat' dir='ltr'>nobis</span> 
     </span>
     <span class='ocr_line' id='line_1_32' title="bbox 114 3006 1828 3104; baseline -0.005 -22"><span class='ocrx_word' id='word_1_287' title='bbox 114 3020 486 3104; x_wconf 84' lang='lat' dir='ltr'>temporaliter</span> <span class='ocrx_word' id='word_1_288' title='bbox 517 3016 708 3093; x_wconf 78' lang='lat' dir='ltr'>gesti8‚</span> <span class='ocrx_word' id='word_1_289' title='bbox 753 3013 844 3072; x_wconf 91' lang='lat' dir='ltr'>cui</span> <span class='ocrx_word' id='word_1_290' title='bbox 868 3032 967 3093; x_wconf 86' lang='lat' dir='ltr'>per</span> <span class='ocrx_word' id='word_1_291' title='bbox 997 3007 1239 3068; x_wconf 88' lang='lat' dir='ltr'>eamdem</span> <span class='ocrx_word' id='word_1_292' title='bbox 1269 3006 1435 3066; x_wconf 89' lang='lat' dir='ltr'>fidem</span> <span class='ocrx_word' id='word_1_293' title='bbox 1465 3011 1828 3098; x_wconf 86' lang='lat' dir='ltr'>mundamur,</span> 
     </span>
     <span class='ocr_line' id='line_1_33' title="bbox 118 3095 1835 3178; baseline -0.004 -10"><span class='ocrx_word' id='word_1_294' title='bbox 118 3127 180 3173; x_wconf 82' lang='lat' dir='ltr'>ut</span> <span class='ocrx_word' id='word_1_295' title='bbox 226 3131 350 3169; x_wconf 89' lang='lat' dir='ltr'>eum</span> <span class='ocrx_word' id='word_1_296' title='bbox 397 3104 663 3164; x_wconf 89' lang='lat' dir='ltr'>stabiliter</span> <span class='ocrx_word' id='word_1_297' title='bbox 708 3097 1141 3178; x_wconf 86' lang='lat' dir='ltr'>contemplemur</span> <span class='ocrx_word' id='word_1_298' title='bbox 1183 3095 1241 3153; x_wconf 91' lang='lat' dir='ltr'>in</span> <span class='ocrx_word' id='word_1_299' title='bbox 1270 3096 1435 3155; x_wconf 85' lang='lat' dir='ltr'>rebus</span> <span class='ocrx_word' id='word_1_300' title='bbox 1470 3102 1700 3160; x_wconf 84' lang='lat' dir='ltr'>aeternis.</span> <span class='ocrx_word' id='word_1_301' title='bbox 1747 3103 1835 3162; x_wconf 90' lang='lat' dir='ltr'>llli</span> 
     </span>
     <span class='ocr_line' id='line_1_34' title="bbox 178 3197 1465 3257; baseline -0.012 -3"><span class='ocrx_word' id='word_1_302' title='bbox 178 3213 372 3254; x_wconf 73' lang='lat' dir='ltr'>lcoloss.</span> <span class='ocrx_word' id='word_1_303' title='bbox 398 3224 445 3254; x_wconf 82' lang='grc'>11,</span> <span class='ocrx_word' id='word_1_304' title='bbox 473 3210 556 3248; x_wconf 78' lang='lat'>1-3.</span> <span class='ocrx_word' id='word_1_305' title='bbox 583 3228 632 3237; x_wconf 86' lang='lat'>-—</span> <span class='ocrx_word' id='word_1_306' title='bbox 653 3204 672 3232; x_wconf 75' lang='lat'>²</span> <span class='ocrx_word' id='word_1_307' title='bbox 698 3219 713 3244; x_wconf 84' lang='lat'>1</span> <span class='ocrx_word' id='word_1_308' title='bbox 740 3207 836 3246; x_wconf 73' lang='lat' dir='ltr'>Gor.</span> <span class='ocrx_word' id='word_1_309' title='bbox 863 3216 1006 3257; x_wconf 77' lang='lat' dir='ltr'>x11,7‚</span> <span class='ocrx_word' id='word_1_310' title='bbox 1031 3203 1070 3243; x_wconf 88' lang='grc'>8,</span> <span class='ocrx_word' id='word_1_311' title='bbox 1092 3223 1149 3233; x_wconf 91' lang='lat'><em>-</em></span> <span class='ocrx_word' id='word_1_312' title='bbox 1170 3197 1323 3240; x_wconf 76' lang='lat' dir='ltr'>³Joan.</span> <span class='ocrx_word' id='word_1_313' title='bbox 1346 3214 1402 3248; x_wconf 71' lang='lat' dir='ltr'>xv,</span> <span class='ocrx_word' id='word_1_314' title='bbox 1426 3208 1465 3246; x_wconf 72' lang='grc'>4.</span> 
     </span>
    </p>
   </div>
   <div class='ocr_carea' id='block_1_3' title="bbox 281 3273 1687 3343">
    <p class='ocr_par' dir='ltr' id='par_1_3' title="bbox 281 3273 1687 3343">
     <span class='ocr_line' id='line_1_35' title="bbox 281 3273 1687 3343; baseline -0.003 -10"><span class='ocrx_word' id='word_1_315' title='bbox 281 3294 525 3333; x_wconf 70' lang='lat' dir='ltr'>cxxxvii.</span> <span class='ocrx_word' id='word_1_316' title='bbox 1609 3273 1687 3343; x_wconf 74' lang='grc'>34</span> 
     </span>
    </p>
   </div>
  </div>
 </body>
</html>
