2144 3808
569 379 640 420 mi
679 373 1001 432 mmmm,
1046 377 1159 420 mn.
1210 380 1289 420 x1.
1657 366 1661 368 '
1711 363 1829 436 463

110 474 272 546 atque
295 462 417 523 aliae
441 460 572 520 tales
599 461 907 521 voluntates
926 504 942 532 ‚
970 481 1094 519 suos
1122 460 1378 542 proprios
1410 459 1544 522 fines
1577 463 1791 523 habent
1810 511 1827 538 ,

109 553 208 632 qui
221 550 528 611 referuntur
550 549 619 607 ad
631 550 796 608 finem
813 548 960 610 illius
973 549 1271 608 voluntatis
1288 571 1399 631 qua
1410 550 1662 612 volumus
1679 552 1836 612 beate

112 640 290 700 vivere
310 684 326 711 ,
342 651 412 696 et
439 637 509 696 ad
532 659 649 696 eam
676 637 956 718 pervenire
979 636 1153 696 vitam
1183 659 1307 718 quae
1335 658 1448 697 non
1477 639 1737 699 referatur
1765 640 1836 699 ad

114 726 298 796 aliud,
336 725 431 784 sed
458 725 664 783 amanti
694 745 790 804 per
826 744 879 782 se
920 724 1097 804 ipsam
1127 724 1377 786 sufficiat.
1416 726 1683 786 Voluntas
1711 749 1837 805 ergo

112 813 574 885 videndi,.finem
608 812 778 870 habet
809 812 1072 872 visionem
1107 834 1122 870 ε
1158 825 1212 870 et
1247 813 1500 873 voluntas
1541 815 1688 875 hanc
1729 838 1843 875 rem

115 900 361 973 videndi,
395 902 561 958 finem
583 899 754 977 habet
780 899 952 975 hujus
976 899 1056 957 rei
1077 899 1359 960 visionem.
1382 901 1643 960 Voluntas
1661 903 1847 990 itaque

116 987 340 1051 videndi
363 988 672 1046 cicatricem
689 1033 704 1058 ,
731 987 896 1045 finem
920 1009 1080 1046 suum
1106 988 1327 1068 expetit,
1354 988 1466 1047 hoc
1489 1002 1566 1047 est
1583 990 1845 1049 visionem

116 1076 386 1136 cicatricis
406 1122 421 1147 ,
460 1089 514 1133 et
538 1075 607 1133 ad
636 1079 757 1132 eam
793 1075 936 1133 ultra
965 1097 1078 1133 non
1104 1077 1343 1155 pertinet
1367 1098 1384 1133 t
1412 1075 1667 1135 voluntas
1701 1077 1846 1135 enim

116 1164 398 1245 probandi
421 1164 621 1224 vulnus
648 1163 832 1234 fuisse,
859 1164 962 1222 alia
982 1163 1234 1223 voluntas
1255 1177 1334 1222 est
1353 1210 1367 1235 ,
1398 1165 1645 1244 quamvis
1666 1187 1726 1223 ex
1753 1165 1847 1222 illa

118 1252 405 1328 religetur,
439 1257 596 1328 cujus
635 1252 766 1309 item
798 1251 923 1309 finis
952 1265 1030 1310 est
1063 1252 1319 1332 probatio
1350 1252 1606 1312 vulneris,
1654 1255 1724 1311 Et
1746 1274 1850 1312 vo-

119 1340 302 1401 luntas
316 1339 542 1399 videndi
569 1339 879 1410 fenestram,
903 1340 1070 1397 finem
1091 1339 1262 1397 habet
1281 1339 1528 1397 fenestrae
1543 1340 1808 1399 visionem
1831 1362 1846 1396 ε

124 1429 294 1487 altera
317 1442 395 1486 est
420 1429 563 1486 enim
593 1448 720 1508 quae
742 1449 803 1484 ex
832 1428 934 1484 ista
972 1428 1210 1485 nectitur
1230 1427 1482 1487 voluntas
1503 1474 1517 1499 ,
1549 1449 1650 1508 per
1674 1427 1852 1485 fenes-

125 1528 267 1575 tram
289 1516 513 1575 videndi
535 1529 871 1573 transeuntes
893 1561 907 1586 ‚
942 1521 1099 1592 cujus
1126 1516 1254 1574 item
1280 1517 1403 1573 finis
1425 1529 1502 1574 est
1535 1517 1667 1574 visio
1692 1529 1851 1574 tran·-

127 1605 419 1665 seuntium.
447 1607 636 1663 Rectae
666 1617 845 1662 autem
869 1618 997 1662 sunt
1017 1605 1323 1663 voluntates
1343 1618 1396 1662 et
1422 1626 1607 1662 omnes
1631 1605 1851 1662 sibimet

129 1692 396 1767 religatae,
426 1692 470 1750 si
496 1693 642 1751 bona
671 1705 749 1749 est
771 1691 865 1749 illa
893 1713 1005 1772 quo
1031 1705 1247 1751 cunctae
1282 1693 1592 1751 referuntur
1626 1715 1640 1750 ι
1674 1693 1718 1750 si
1754 1714 1857 1750 au—

138 1794 246 1839 tem
266 1802 439 1861 prava
460 1794 573 1849 est,
598 1801 786 1860 pravae
814 1793 939 1837 sunt
970 1801 1172 1840 omnes,
1208 1782 1278 1839 Et
1298 1780 1420 1839 ideo
1457 1794 1729 1838 rectarum
1757 1801 1863 1854 vo-

136 1869 414 1928 luntatum
429 1868 689 1928 connexio
707 1867 807 1926 iter
824 1881 901 1927 est
916 1868 1198 1947 quoddam
1218 1868 1623 1926 ascendentium
1643 1868 1710 1926 ad
1728 1869 1864 1926 bea-

138 1956 429 2015 titudinem
449 2004 464 2029 ,
497 1957 648 2037 quod
673 1956 833 2014 certis
862 1957 1012 2015 velut
1037 1956 1290 2036 passibus
1319 1957 1496 2031 agitur
1520 1978 1534 2013 2
1571 1977 1871 2037 pravarum

142 2059 320 2106 autem
343 2059 503 2126 atque
530 2045 884 2104 distortarum
913 2044 1262 2104 voluntatum
1296 2043 1637 2126 implicati0‚
1670 2046 1875 2105 vincu-

143 2155 271 2192 cum
293 2147 372 2192 est
393 2155 504 2214 quo
528 2134 840 2209 alligabitur
864 2134 961 2212 qui
985 2134 1097 2190 hoc
1123 2132 1254 2208 agit,
1273 2146 1333 2190 ut
1355 2133 1683 2212 projiciatur
1703 2133 1761 2190 in
1785 2147 1871 2190 te-

147 2223 344 2280 nebras
359 2223 639 2280 exteriores
652 2221 693 2281 ¹.
712 2221 864 2278 Beati
882 2243 1009 2295 ergo
1027 2222 1123 2300 qui
1135 2220 1294 2279 factis
1315 2234 1367 2278 et
1390 2220 1638 2278 moribus
1656 2233 1879 2278 cantant

146 2311 423 2368 canticum
451 2309 719 2385 graduum
757 2331 771 2365 ε
805 2322 858 2366 et
881 2329 967 2366 vae
994 2308 1059 2366 iis
1086 2309 1184 2388 qui
1214 2308 1443 2366 trahunt
1466 2321 1715 2388 peccata,
1738 2309 1881 2367 sicut

152 2410 346 2455 restem
363 2397 636 2472 longam2.
670 2397 762 2454 Sic
792 2408 870 2453 est
920 2409 1099 2453 autem
1142 2397 1352 2477 requies
1390 2395 1688 2454 voluntatis
1718 2418 1881 2477 quem

155 2485 389 2543 dicimus
418 2486 578 2542 finem
605 2531 619 2557 ,
649 2485 689 2545 si
716 2484 901 2541 adhuc
940 2483 1170 2542 refertur
1202 2484 1271 2542 ad
1304 2482 1453 2547 aliud
1473 2531 1487 2555 ,
1518 2484 1883 2566 quemadmo-

155 2573 287 2631 dum
315 2595 602 2653 possumus
630 2573 809 2632 dicere
834 2572 1074 2653 requiem
1110 2572 1267 2652 pedis
1297 2593 1404 2631 esse
1432 2573 1488 2630 in
1523 2571 1878 2644 ambulandO,

157 2682 285 2719 cum
312 2662 540 2742 ponitur
566 2661 711 2719 unde
743 2661 878 2718 alius
903 2660 1172 2718 innitatur
1192 2681 1304 2741 quo
1335 2660 1586 2742 passibus
1610 2659 1877 2740 pergitur.
1921 2680 1924 2684 ’

162 2749 219 2807 Si
250 2762 431 2807 autem
457 2750 666 2831 aliquid
685 2751 760 2808 ita
783 2748 999 2828 placet,
1025 2761 1087 2806 ut
1115 2749 1174 2806 in
1201 2770 1263 2806 eo
1288 2769 1413 2806 cum
1444 2747 1624 2830 aliqua
1645 2746 1890 2805 delecta-

162 2837 308 2895 tione
344 2837 594 2896 voluntas
640 2838 980 2918 acquiescat;
1007 2836 1254 2895 nondum
1287 2849 1366 2894 est
1403 2849 1584 2895 tamen
1612 2834 1751 2894 illud
1782 2857 1894 2916 quo

165 2924 438 2995 tenditur,
467 2925 560 2996 sed
581 2938 636 2982 et
659 2926 769 2983 hoc
805 2923 1035 2982 refertur
1065 2924 1133 2981 ad
1162 2923 1311 2982 aliud
1331 2971 1346 2996 ,
1375 2937 1438 2982 ut
1466 2922 1760 3004 deputetur
1782 2945 1894 2981 non

166 3027 426 3094 tanquam
470 3014 648 3093 patria
688 3013 857 3083 civiS,
903 3011 995 3069 sed
1030 3025 1295 3093 tanquam
1329 3011 1549 3070 refectio
1569 3058 1584 3084 ,
1618 3011 1704 3071 vel
1732 3011 1894 3069 etiam

167 3123 375 3159 mausto
398 3115 637 3160 viatoris.

249 3190 348 3250 XI.
389 3189 423 3246 J
428 3210 643 3250 amvero
670 3188 729 3249 in
761 3189 865 3248 alia
886 3188 1128 3249 trinitate
1147 3236 1163 3265 ‚
1197 3188 1451 3251 interiore
1478 3187 1706 3271 quidem
1735 3206 1902 3267 quam

233 3310 248 3341 ¹
273 3311 424 3358 Matth.
447 3322 554 3364 xxm,
579 3314 647 3357 13.
670 3334 728 3343 —-
749 3309 769 3341 ²
786 3310 880 3356 Isai.
906 3324 947 3362 v,
973 3312 1040 3356 18.
