2144 3808
303 283 418 342 362
845 301 892 340 s,
943 299 1249 340 Anevsrim
1294 301 1547 341 muscori

295 383 659 461 adjunctione
695 404 795 442 sua
834 397 1107 443 crescunt.
1159 383 1426 456 Quamvis
1460 383 1607 442 enim
1654 384 1751 464 qui
1790 381 2033 443 adhaeret

302 473 458 532 uxori
492 490 640 546 suae,
683 493 858 532 unum
887 494 1090 554 corpus
1120 473 1190 532 sit
1222 496 1237 531 ε
1276 477 1451 550 majus
1490 485 1677 531 tamen
1708 491 1911 553 corpus
1934 473 2028 546 fit,

299 583 470 644 quam
495 563 540 621 si
568 562 734 621 solius
762 562 870 622 viri
893 575 1056 636 esset,
1097 576 1193 622 aut
1216 562 1384 627 solius
1414 563 1610 623 uxoris,
1642 565 1709 621 In
1737 563 1900 621 rebus
1929 584 2040 621 all-v

300 664 412 710 tem
454 650 830 732 spiritalibus,
874 672 1002 711 cum
1039 651 1223 710 minor
1255 651 1451 728 majori
1491 651 1849 735 adhaerescit,
1892 652 2037 710 sicut

299 751 553 798 creatura
577 739 863 813 Creatori,
884 738 980 799 illa
1010 741 1077 798 fit
1100 745 1278 817 major
1306 761 1475 821 quam
1506 753 1652 812 erat,
1685 761 1796 798 non
1822 740 1930 799 ille.
1968 742 2037 798 In

298 829 364 888 iis
384 828 531 888 enim
555 839 683 910 quae
714 850 827 888 non
863 828 1007 888 mole
1038 851 1236 907 magna
1265 843 1424 903 sunt,
1462 829 1574 888 hoc
1608 843 1687 888 est
1706 834 1890 906 ssmaJ'us
1928 850 2038 887 esse

299 916 454 999 quod
488 930 568 976 est
594 917 789 977 melius
811 939 940 979 esse.
997 918 1193 978 Melior
1221 933 1408 978 autem
1448 920 1512 978 fit
1541 919 1763 999 spiritus
1805 918 2040 995 alicujus

297 1019 587 1077 creatum,
610 1027 742 1065 cum
770 1006 1022 1065 adhaeret
1044 1007 1322 1079 Creatori,
1347 1028 1517 1088 quam
1538 1008 1583 1066 si
1601 1029 1713 1066 non
1733 1007 2035 1075 adhaereat3

298 1109 352 1153 et
373 1095 497 1154 ideo
522 1095 682 1153 etiam
713 1099 890 1171 major
911 1095 1042 1175 quia
1075 1095 1286 1156 melior.
1316 1122 1343 1148 α
1369 1096 1482 1168 Qui
1501 1117 1629 1172 ergo
1652 1095 1899 1154 adhaeret
1921 1097 2041 1153 Do-

301 1209 328 1237 »
357 1183 545 1256 mino,⁹
585 1204 727 1242 unus
767 1183 997 1265 spiritus
1018 1183 1174 1242 est1:
1204 1211 1230 1238 »
1260 1183 1354 1243 sed
1394 1198 1580 1243 tamen
1620 1184 1892 1243 Dominus
1928 1207 2043 1243 non

298 1272 423 1332 ideo
445 1272 510 1334 fit
541 1277 740 1351 major,
772 1274 1026 1355 quamvis
1047 1274 1146 1333 fiat
1173 1274 1266 1334 ille
1287 1275 1387 1356 qui
1415 1274 1663 1334 adhaeret
1686 1275 1943 1335 Domino.
1975 1279 2044 1333 In

299 1361 422 1444 ipso
455 1361 628 1439 igitur
656 1364 772 1421 Deo
806 1383 932 1422 cum
972 1361 1223 1422 adhaeret
1253 1362 1454 1445 aequali
1484 1363 1636 1421 Patri
1669 1362 1836 1421 Filius
1858 1385 2044 1444 aequa-

295 1451 365 1511 lis
385 1497 401 1524 ‚
432 1465 528 1511 aut
566 1451 810 1534 Spiritus
841 1465 1063 1512 sanctus
1087 1453 1256 1512 ‘Patri
1293 1466 1347 1512 et
1383 1452 1522 1511 Filio
1550 1452 1810 1533 aequaliS,
1843 1475 1955 1512 non
1981 1455 2046 1512 fit

296 1545 476 1617 major
495 1542 642 1601 Deus
666 1556 835 1624 quam
854 1541 1057 1619 singuli
1071 1563 1293 1613 eorum3
1318 1542 1450 1624 quia
1471 1563 1585 1601 non
1604 1555 1682 1601 est
1705 1564 1816 1624 quo
1839 1557 2047 1606 crescat

295 1629 392 1689 illa
412 1631 694 1711 perfectio.
725 1632 1006 1691 Perfectus
1025 1634 1207 1692 autem
1237 1633 1348 1692 sive
1370 1634 1556 1704 Pater,
1577 1631 1688 1692 sive
1718 1631 1884 1691 Filius
1902 1681 1915 1706 ,
1936 1635 2048 1695 sive

300 1718 543 1800 Spiritus
565 1732 814 1792 sanctUS‚
841 1734 898 1780 et
915 1719 1189 1802 perfectus
1207 1724 1355 1781 Deus
1375 1723 1539 1780 Pater
1558 1733 1614 1780 et
1635 1720 1802 1781 Filius
1834 1736 1890 1781 et
1912 1723 2048 1804 Spi-

252 1857 263 1877 ,
297 1808 437 1868 ritus
459 1823 679 1869 sanctus
711 1833 728 1869 ι
763 1824 818 1870 et
834 1810 959 1870 ideo
991 1811 1230 1870 Trinitas
1252 1811 1440 1892 potius
1465 1830 1634 1891 quam
1661 1810 1876 1892 triplex.

271 1929 281 1953 ι
379 1901 451 1958 Χ.
465 1901 535 1957 Et
547 1900 813 1980 quoniam
830 1900 1170 1960 ostendimus
1188 1900 1471 1982 quomodo
1483 1899 1654 1981 possit
1666 1899 1779 1959 dici
1793 1901 1939 1961 solus
1951 1903 2049 1961 Pa-

298 2001 402 2060 ter,
420 1988 551 2070 quia
568 1996 682 2048 non
699 1989 805 2048 nisi
816 1990 933 2070 ipse
948 1990 1030 2049 ibi
1042 1991 1205 2050 Pater
1224 1989 1621 2050 consideranda
1635 2002 1714 2048 est
1725 1989 1818 2049 illa
1837 2005 2047 2051 senten-

297 2078 372 2136 tia
386 2088 498 2159 qua
513 2078 741 2151 dicitur,
756 2083 939 2139 Deum
952 2101 1143 2140 verum
1161 2080 1339 2139 solum
1353 2101 1468 2139 non
1478 2086 1589 2138 esse
1600 2080 1818 2138 Patrem
1842 2081 2043 2154 solum,

298 2167 394 2226 sed
411 2170 628 2227 Patrem
645 2181 700 2226 et
714 2168 917 2228 Filium
930 2183 984 2229 et
1000 2170 1274 2251 Spiritum
1291 2183 1558 2229 sanctum.
1583 2168 1642 2228 Si
1666 2170 1790 2250 quis
1806 2171 1950 2229 enim
1967 2171 2050 2231 in-

299 2269 560 2333 terroget,
582 2257 746 2316 Pater
762 2257 908 2317 solus
923 2272 1110 2318 utrum
1124 2259 1194 2317 sit
1208 2260 1354 2317 Deus
1370 2280 1384 2316 :
1400 2257 1680 2339 quomodo
1697 2259 2051 2340 respondebi-

300 2360 391 2406 tur
420 2367 533 2406 non
555 2367 665 2406 esse
681 2394 696 2420 ,
722 2347 827 2407 nisi
856 2347 995 2408 forte
1018 2350 1096 2410 ita
1119 2348 1371 2408 dicamus
1393 2396 1408 2422 ,
1435 2369 1546 2407 esse
1581 2347 1806 2429 quidem
1833 2354 2050 2410 Patrem

304 2436 484 2495 Deum
493 2483 509 2510 ,
539 2436 635 2495 sed
661 2458 775 2496 non
805 2457 932 2496 eum
959 2460 1070 2498 esse
1097 2438 1279 2498 solum
1310 2443 1518 2510 Deum3
1547 2458 1654 2496 esse
1677 2451 1856 2496 autem
1877 2439 2051 2499 solum

301 2526 482 2584 Deum
502 2573 517 2599 ,
547 2530 762 2589 Patrem
777 2541 833 2586 et
860 2529 1064 2588 Filium
1093 2543 1149 2588 et
1176 2528 1447 2610 Spiritum
1477 2530 1764 2586 sanctum?
1789 2527 1896 2586 Sed
1917 2529 2055 2610 quid

301 2615 514 2692 agimus
539 2614 607 2674 de
635 2615 731 2676 illo
753 2617 1064 2677 testimonio
1103 2618 1365 2676 Domini?
1382 2616 1533 2676 Patri
1549 2616 1693 2674 enim
1716 2615 1939 2675 dicebat
1956 2664 1970 2690 ,
2000 2631 2056 2693 et

302 2709 523 2764 Patrem
536 2706 914 2767 nominaverat
936 2707 1005 2766 ad
1037 2728 1200 2789 quem
1215 2706 1567 2787 loquebatur,
1599 2725 1725 2763 cum
1749 2705 1854 2763 ait:
1875 2733 1901 2758 «
1917 2707 2055 2766 Haec

299 2819 328 2848 »
356 2807 437 2853 est
479 2796 660 2854 aute'm
707 2796 824 2856 vita
850 2809 1055 2855 aeterna
1073 2843 1090 2867 ,
1123 2809 1187 2855 ut
1225 2806 1558 2872 cognoscant
1589 2805 1643 2851 te
1669 2814 1839 2853 unum
1865 2816 2052 2854 verum

290 2908 317 2936 >³
358 2885 554 2943 Deum.
585 2909 613 2937 »
641 2883 809 2957 Quod
837 2883 1285 2966 quidemn-Ariani
1299 2884 1379 2941 sic
1399 2881 1572 2941 solent
1600 2882 1870 2964 accipere,
1897 2888 2057 2965 quasi

296 2992 411 3029 non
431 2971 500 3030 sit
537 2973 707 3032 Filius
733 2995 896 3033 verus
938 2975 1104 3035 Deus.
1143 2972 1368 3046 Quibus
1391 2972 1618 3031 exclusis
1642 2973 1942 3033 videndum
1975 2986 2055 3032 est

294 3082 365 3119 an
387 3060 691 3141 intelligere
713 3084 906 3140 cogam
926 3085 1014 3136 ur,
1048 3084 1174 3123 cum
1208 3063 1422 3123 dictum
1445 3075 1524 3121 est
1552 3064 1699 3122 Patri
1726 3085 1741 3122 ε
1772 3064 1891 3121 «Ut
1921 3084 2052 3138 cog-

305 3175 332 3204 »
362 3163 593 3210 noscant
617 3164 852 3210 teunum
869 3173 1056 3211 verum
1082 3154 1355 3234 Deum3‚›>
1373 3166 1637 3228 tanquam
1656 3153 2053 3212 hocinsinuare

333 3255 347 3285 ί
379 3265 392 3292 ι
420 3258 512 3297 Cor.
544 3267 599 3305 vr,
634 3268 695 3307 ¹7·
719 3254 813 3286 ——2
836 3258 953 3297 Joan.
976 3270 1077 3305 xvii,
1103 3261 1140 3297 3.
