2144 3808
308 320 384 379 88
838 341 882 380 s.
936 310 1241 380 A'ueusrml
1283 341 1539 380 Erlseorr

311 442 439 502 quae
468 442 597 481 eum
620 435 831 481 terrena
851 421 959 480 sint
987 436 1150 504 atque
1169 422 1440 495 mortalia,
1460 423 1573 482 hoc
1598 436 1778 482 tamen
1806 423 2037 500 gignunt

307 509 460 592 quod
488 510 607 591 ipsa
637 525 792 582 sunt,
825 524 887 569 ut
909 511 1079 569 homo
1108 511 1391 570 hominem
1410 559 1426 584 ‚
1467 513 1617 571 canis
1637 534 1826 571 canem
1855 559 1869 584 ‚
1898 525 2037 592 puto

306 597 459 680 quod
499 621 611 658 non
647 613 962 680 aspernatus
1004 598 1306 670 horruisti,
1351 599 1444 657 sed
1474 613 1526 657 te
1571 599 1844 681 aspernari
1875 613 2037 680 atque

304 685 531 745 horrere
562 687 793 758 finxisti,
835 687 1052 757 dicem,
1094 687 1281 744 «Tam
1318 686 1525 745 foedam
1574 687 2035 767 comparationem

302 774 360 833 in
387 774 539 833 illam
567 788 775 832 tantam
806 775 1226 834 immensitatem
1268 797 1381 833 non
1425 775 1676 834 debuisse
1717 773 1972 856 produci.
2003 802 2030 829 ))

306 861 428 920 Cur
446 863 588 920 enim
622 862 733 920 hoc
769 862 950 921 dixisti
977 910 992 934 ‚
1025 864 1134 922 nisi
1161 885 1228 921 ne
1257 863 1359 921 tibi
1389 862 1456 921 de
1482 864 1613 944 ipsis
1648 861 2033 944 corruptibili-

306 951 414 1009 bus
437 950 668 1010 foetibus
693 949 875 1010 fauces
903 952 1101 1010 veritas
1138 965 1437 1032 premeret3
1461 965 1515 1010 et
1545 965 1599 1009 te
1636 951 1899 1032 respirare
1923 971 2034 1010 non

304 1040 543 1112 sineret,
577 1041 719 1100 sieut
752 1055 807 1099 et
849 1040 1017 1101 facit?
1062 1041 1524 1122 Quandoquidem
1550 1055 1860 1102 creaturam
1905 1060 2036 1098 eor-

304 1130 629 1211 ruptibilem
675 1130 925 1202 cerniti5‚
965 1131 1076 1191 hoc
1113 1131 1263 1212 quod
1307 1132 1428 1213 ipsa
1472 1144 1549 1190 est
1595 1131 1809 1207 gignere
1840 1128 2040 1188 foetum

304 1239 465 1277 suum
488 1265 503 1290 ‚
538 1232 591 1277 et
622 1219 1042 1295 DeumPatrem
1075 1221 1511 1301 omnipotentem
1543 1219 1762 1279 creditis
1790 1239 1903 1277 non
1928 1238 2039 1299 po·-

303 1306 468 1364 tuisse
486 1307 591 1364 nisi
622 1311 667 1383 ej
679 1329 739 1365 us
770 1307 1127 1385 degenerante
1147 1322 1342 1367 natura
1367 1308 1584 1384 gignere
1603 1307 1827 1366 unicum
1852 1328 2031 1366 suum.

382 1395 509 1454 Vll.
560 1396 669 1455 Sed
708 1396 845 1454 dicis
879 1418 894 1454 ε
928 1398 1238 1456 «Dominus
1275 1398 1577 1455 Dominum
1622 1397 1843 1475 genuit,
1897 1397 2036 1455 Deus
2088 1452 2091 1454 μ

295 1483 477 1542 Deum
517 1483 741 1560 genuit,
774 1486 889 1543 Rex
935 1486 1137 1562 Regem
1182 1487 1396 1563 genuit,
1446 1487 1676 1544 Creator
1719 1488 2040 1544 Creatorem

307 1568 528 1648 genuit,
555 1571 734 1630 bonus
763 1572 976 1639 *bonum
1010 1575 1198 1650 genuit
1217 1621 1231 1645 ,
1258 1575 1471 1655 sapiens
1498 1575 1797 1655 sapientem
1818 1575 2035 1651 genuit,

305 1661 544 1721 clemens
567 1663 888 1722 clementem
913 1712 927 1737 ,
958 1668 1152 1745 potens
1183 1678 1482 1746 potentem.
1503 1693 1528 1718 ›>
1546 1666 1602 1723 Si
1624 1665 1727 1723 sub
1753 1665 1840 1723 his
1861 1664 2042 1729 verbis

308 1771 498 1810 cavere
529 1763 588 1809 tu
621 1765 785 1832 putas
822 1753 974 1833 quod
1004 1754 1161 1812 vobis
1191 1755 1456 1830 objicitur
1476 1801 1490 1824 ‚
1534 1775 1644 1811 non
1690 1775 1786 1811 vos
1824 1752 2048 1827 credere

309 1840 488 1899 Deum
533 1842 770 1922 potuisse
809 1843 1026 1919 gignere
1066 1843 1124 1901 id
1152 1843 1302 1925 quod
1338 1857 1416 1901 est
1448 1844 1594 1924 ipse,
1624 1856 1676 1901 et
1705 1842 1829 1901 ideo
1856 1842 1994 1901 dieis
2023 1864 2038 1900 ε

309 1930 625 1988 «Dominus
663 1933 965 1990 Dominum
1006 1934 1228 2009 genuit,
1277 1935 1424 1991 Deus
1470 1935 1640 1990 Deum
1686 1933 1903 2008 genuit„
1929 1958 1952 1984 υ
1991 1945 2045 1989 et

307 2032 505 2077 caetera
539 2042 553 2076 t
580 2041 680 2077 cur
706 2042 832 2097 ergo
857 2022 1000 2080 sicut
1020 2022 1201 2080 dixisti
1233 2044 1246 2079 :
1269 2024 1512 2079 «Potens
1531 2034 1808 2102 potentem
1830 2067 1844 2092 ‚
1874 2049 1900 2074 »
1931 2041 2045 2078 non

306 2107 444 2166 dicis
469 2109 815 2189 omnipotens
844 2111 1314 2195 omnipotentem?
1363 2111 1421 2168 Si
1463 2110 1614 2192 quod
1654 2112 1817 2168 sentis
1856 2110 1935 2168 vis
1963 2108 2046 2168 di-

311 2217 463 2268 cere,
515 2197 636 2269 dic,
685 2199 951 2258 Dominus
987 2204 1163 2277 major
1207 2199 1492 2258 dominum
1525 2200 1791 2257 minorem
1823 2198 2042 2274 genuit;

312 2286 458 2344 Deus
490 2292 666 2364 major
695 2288 861 2347 deum
879 2289 1144 2354 minorem
1165 2315 1180 2359 ;
1205 2292 1318 2349 Rex
1344 2294 1521 2366 major
1543 2310 1721 2366 regem
1742 2288 2042 2356 minorem3

311 2375 536 2450 ‚Creatos
565 2381 742 2453 major
770 2391 1069 2437 creatorem
1112 2378 1415 2447 minorem3
1451 2377 1644 2437 melior
1677 2378 1921 2446 honum3
1957 2398 2048 2435 sa·-

307 2463 549 2544 pientior
569 2465 870 2546 sapientem
891 2491 906 2535 ;
928 2466 1247 2526 elementior
1272 2467 1625 2534 clementem3
1651 2465 1931 2546 potentior
1949 2486 2047 2546 po-

309 2564 534 2613 tentem.
584 2553 642 2612 Si
674 2568 857 2612 autem
889 2555 993 2614 ista
1021 2577 1134 2614 non
1166 2555 1338 2628 dicis,
1381 2568 1434 2614 et
1472 2553 1615 2613 nihil
1652 2554 1832 2610 minus
1879 2573 2045 2633 quam

311 2639 474 2698 Pater
493 2640 687 2713 habet,
708 2642 906 2701 Filium
929 2643 1134 2701 habere
1150 2644 1443 2711 consentis,
1469 2663 1570 2701 cur
1587 2663 1698 2699 non
1716 2641 1853 2699 dicis
1866 2662 2050 2721 aequa·

311 2727 455 2788 lem?
511 2729 582 2787 Et
619 2729 713 2788 illa
754 2731 938 2790 omnia
979 2722 1081 2790 cur
1117 2753 1253 2794 non*
1277 2732 1354 2789 sic
1395 2730 1702 2811 percurri5‚
1749 2742 1811 2788 ut
1849 2729 2042 2788 dicas:

313 2813 585 2876 Dominus
637 2819 904 2900 aequalem
959 2820 1257 2879 Dominum
1302 2820 1489 2896 genuit
1513 2866 1527 2890 ‚
1583 2820 1727 2876 Deus
1777 2818 2047 2900 aequalem

314 2904 493 2962 Deum
516 2950 531 2975 ,
575 2906 691 2964 Rex.
718 2907 984 2988 aequalem
1008 2910 1210 2985 Regem
1229 2954 1244 2980 ‚
1273 2911 1498 2967 Creator
1521 2907 1785 2989 aequalem
1817 2910 2049 2966 Creato-

311 3012 427 3049 rem
449 3037 464 3063 ,
492 2991 672 3051 bonus
702 2995 984 3075 aequaliter
1006 2996 1218 3054 bonum
1236 3043 1250 3068 ‚
1287 2996 1496 3077 sapiens
1524 2995 1808 3077 aequaliter
1830 2995 2052 3075 sapien-

316 3093 465 3151 tem,
518 3079 754 3139 clemens
805 3084 1089 3165 aequaliter
1130 3085 1480 3157 clementem,
1526 3098 1719 3167 potens
1768 3083 2049 3165 aequaliter

316 3173 638 3251 potentem?
691 3169 750 3230 Si
797 3185 977 3232 autem
1025 3195 1187 3251 negas
1231 3176 1498 3257 aequalem
1529 3222 1543 3247 ,
1582 3174 1767 3256 aperte
1814 3172 1904 3231 die
1946 3171 2049 3231 de-

318 3277 583 3334 generem.
637 3259 761 3319 Non
802 3261 946 3321 enim
976 3283 1139 3344 quem
1170 3263 1332 3323 deum
1376 3263 1639 3323 minorem
1667 3260 1734 3326 de
1773 3262 1886 3319 Deo
1934 3281 2048 3318 ma-
