2144 3808
619 349 691 388 DE
731 345 1052 400 Tamiram,
1100 350 1210 389 Lm.
1262 351 1303 391 1.
1699 337 1813 396 205

96 452 197 491 nec
221 431 314 491 ille
352 432 463 490 sine
488 429 619 511 ipsis
654 429 836 502 venit,
869 450 970 488 nec
999 428 1080 488 illi
1115 430 1229 488 sine
1270 430 1409 511 ipso,
1457 435 1563 492 Sed
1592 451 1819 516 propter

96 519 512 579 insinuationem
548 517 829 575 Trinitatis
847 564 862 588 ‚
886 518 1128 597 personis
1151 518 1312 576 etiam
1333 519 1556 596 singulis
1574 526 1822 583 nomina-

98 609 167 666 tis
195 608 458 683 dicuntur
485 606 741 687 quaedam
770 610 1091 686 separatim3
1116 628 1228 664 non
1253 620 1437 666 tamen
1462 609 1578 667 aliis
1604 632 1826 691 separa-

99 696 166 752 tis
207 694 586 772 intelliguntur
603 740 618 765 ‚
664 705 895 774 propter
937 693 1180 773 ejusdem
1232 693 1515 754 Trinitatis
1560 698 1822 756 unitatem

100 803 376 864 unamque
393 781 752 840 substantiam
777 793 938 861 atque
955 780 1214 839 deitatem
1229 781 1406 840 Patris
1426 788 1480 842 et
1496 783 1619 842 Filii
1639 797 1692 843 et
1707 787 1831 866 Spi-

101 885 238 930 ritus
261 884 452 929 sancti.

183 960 306 1019 XX.
356 957 559 1016 Tradet
582 954 788 1037 ‘itaque
836 978 1065 1033 regnum
1109 962 1249 1039 Deo*
1277 971 1330 1016 et
1368 960 1519 1018 Patri
1563 962 1833 1020 Dominus

43 1054 45 1056 ’
103 1060 283 1106 noster
311 1052 463 1106 Jesus
493 1045 745 1104 Christus
769 1092 783 1117 ,
809 1067 921 1103 non
948 1067 1002 1103 se
1029 1045 1157 1104 inde
1183 1060 1431 1128 separato
1452 1093 1469 1119 ‚
1497 1070 1598 1107 nec
1623 1050 1834 1130 Spiritu

103 1149 288 1194 sancto
308 1182 324 1207 ‚
356 1134 579 1215 quando
613 1133 879 1214 perducet
908 1133 1186 1192 credentes
1221 1134 1290 1192 ad
1321 1136 1838 1216 contemplationem

105 1224 239 1296 Dei,
266 1223 366 1281 ubi
385 1236 465 1281 est
486 1222 609 1281 finis
629 1222 874 1280 omnium
895 1222 1171 1281 bonarum
1193 1223 1474 1282 actionum
1501 1270 1516 1296 ‚
1545 1239 1598 1282 et
1623 1227 1833 1305 requies

104 1312 429 1392 sempiterna
452 1358 466 1382 ‚
510 1324 563 1369 et
589 1309 849 1386 gaudium
875 1309 1027 1390 quod
1051 1331 1335 1391 nunquam
1355 1310 1643 1371 >auferetur
1668 1316 1698 1372 a'
1726 1336 1835 1372 no-

106 1399 244 1458 bis1.
290 1401 412 1458 Hoc
445 1399 592 1457 enim
624 1398 801 1473 signat
824 1398 884 1454 in
907 1418 970 1454 eo
998 1397 1150 1478 quod
1192 1398 1306 1455 ait:
1340 1424 1367 1452 c<
1402 1399 1608 1458 Iterum
1640 1401 1842 1460 videbo

108 1475 251 1547 ›2'vos
265 1535 279 1559 ‚
302 1502 356 1546 et
374 1487 637 1563 gaudebit
660 1507 756 1544 cor
772 1498 1009 1545 vestrum
1027 1532 1042 1557 ,
1068 1499 1122 1544 et
1140 1486 1403 1562 gaudium
1424 1501 1660 1547 vestrum
1682 1510 1843 1548 nemo

110 1602 139 1629 ))
163 1575 366 1634 auferet
385 1598 415 1633 a
442 1574 653 1634 vobis2.
686 1601 711 1627 »
741 1574 922 1648 Hujus
954 1573 1138 1649 gaudii
1174 1574 1586 1635 similitudinem
1616 1579 1847 1659 praesig-

110 1665 280 1723 nabat
310 1665 484 1722 Maria
511 1661 700 1720 sedens
724 1660 795 1719 ad
819 1660 985 1741 pedes
1013 1661 1276 1719 Domini-⁹²
1292 1708 1309 1734 ,
1339 1675 1393 1720 et
1411 1663 1618 1723 intenta
1643 1665 1702 1723 in
1727 1686 1845 1724 ver·
1895 1727 1897 1730 ,
1947 1729 1949 1733 ,

111 1754 248 1812 bum
277 1758 393 1829 ejus
411 1799 426 1824 ‚
459 1751 643 1832 quieta
680 1749 886 1809 scilicet
916 1749 986 1808 ab
1016 1749 1166 1808 omni
1189 1750 1402 1810 actione
1420 1797 1435 1823 ,
1472 1765 1527 1810 et
1549 1753 1757 1812 intenta
1787 1755 1847 1813 in

112 1841 397 1901 veritatem
433 1837 734 1898 secundum
764 1837 1061 1918 quemdam
1102 1838 1329 1897 modum
1352 1885 1367 1911 ,
1398 1844 1555 1915 cujus
1577 1862 1748 1921 capax
1771 1856 1850 1900 est

113 1929 216 1987 ista
243 1928 386 1999 vita,
424 1948 535 2008 quo
565 1939 745 1983 tamen
778 1926 1159 2005 praefiguraret
1199 1926 1562 2008 illud‚‚quod
1599 1928 1850 1990 futurum

115 2031 193 2076 est
223 2018 281 2076 in
310 2030 596 2076 aeternum.
639 2015 859 2074 Martha
881 2015 1092 2095 quippe
1120 2037 1302 2074 sorore
1324 2037 1419 2075 sua
1443 2017 1502 2075 in
1523 2020 1851 2077 necessitatis

118 2107 331 2165 actione
365 2117 747 2177 conversante,
800 2104 1048 2184 quamvis
1091 2104 1239 2163 bona
1286 2118 1339 2163 et
1381 2105 1537 2177 utili,
1585 2120 1640 2164 et
1676 2121 1858 2167 tamen

119 2216 249 2254 cum
269 2194 482 2276 requies
510 2193 823 2252 successerit
858 2191 1151 2249 transitura
1171 2238 1187 2263 ,
1227 2192 1348 2272 ipsa
1383 2193 1759 2273 requiescebat
1793 2196 1853 2254 in

118 2285 288 2344 verbo
336 2282 578 2341 Domini.
632 2282 703 2338 Et
743 2280 868 2339 ideo
904 2280 1176 2338 Dominus
1221 2282 1575 2361 conquerenti
1613 2284 1852 2342 Marthae

123 2369 273 2452 quod
300 2391 418 2428 eam
441 2390 593 2426 soror
617 2390 730 2426 non
754 2367 1074 2444 adjuvaret,
1102 2367 1385 2448 respondit
1412 2390 1427 2427 ε
1462 2396 1490 2424 c<
1516 2370 1691 2428 Maria
1713 2373 1856 2452 opti-

122 2486 150 2515 »
173 2480 321 2517 mam
363 2470 576 2538 partem
611 2456 801 2532 elegit,
841 2476 967 2536 quae
1003 2477 1115 2514 non
1150 2455 1425 2515 auferetur
1457 2458 1528 2516 ab
1556 2480 1635 2518 ea.
1664 2485 1692 2512 »
1729 2460 1855 2520 Non

123 2560 337 2630 partem
357 2545 559 2604 malam
583 2544 718 2603 dixit
736 2544 886 2625 quod
910 2544 1103 2620 agebat
1132 2545 1387 2614 Martha3
1414 2546 1508 2604 sed
1528 2548 1685 2605 istam
1715 2550 1858 2628 opti-

124 2657 273 2695 mam
301 2654 430 2715 quae
458 2642 572 2693 non
597 2632 885 2692 auferetur.
919 2632 1022 2690 Illa
1047 2631 1188 2690 enim
1218 2652 1343 2712 quae
1362 2634 1421 2691 in
1443 2634 1742 2693 ministerio
1767 2637 1861 2694 in-

128 2724 382 2800 digentiae
418 2735 533 2794 est,
567 2742 695 2780 cum
732 2720 1031 2797 indigentia
1066 2721 1182 2801 ipsa
1214 2721 1485 2780 transierit
1505 2768 1521 2794 ,
1565 2722 1852 2784 auferetur.

128 2812 271 2870 Boni
293 2810 504 2892 quippe
533 2810 711 2890 operis
731 2809 1014 2868 transituri
1035 2829 1239 2886 merces
1267 2822 1344 2867 est
1369 2810 1581 2891 requies
1606 2833 1861 2892 perman-

132 2922 275 2960 sura.
323 2901 390 2956 In
428 2898 523 2956 illa
554 2899 723 2975 igitur
746 2896 1223 2977 ,contemplatione
1258 2901 1408 2957 Deus
1442 2898 1544 2956 erit
1582 2900 1764 2958 omnia
1800 2903 1859 2959 in

135 2985 426 3049 omnibus!⁸
443 3032 458 3058 ,
487 2987 618 3066 quia
643 2986 788 3046 nihil
817 2987 886 3066 ab
924 2986 1020 3045 illo
1053 2985 1203 3044 aliud
1241 2986 1546 3068 requiretur
1566 3033 1582 3059 ,
1624 2988 1717 3047 sed
1745 2990 1859 3049 solo

135 3080 256 3161 ipso
274 3075 536 3137 illustrari
554 3073 872 3157 perfruique
894 3074 1141 3135 sufficiet.
1169 3074 1410 3157 Ideoque
1425 3074 1516 3135 ille
1529 3075 1588 3136 in
1605 3096 1715 3157 quo
1738 3077 1863 3159 Spi-

198 3205 215 3234 ¹
245 3219 263 3245 1
287 3206 381 3247 Cor.
404 3217 476 3259 xv,
510 3208 582 3250 24.
608 3198 706 3240 -2
737 3203 857 3263 Joau.
881 3213 979 3255 xvx,
1013 3214 1086 3258 υ..
1124 3224 1183 3266 73
1208 3197 1229 3232 3
1262 3204 1361 3246 Luc.
1386 3214 1429 3256 x,
1466 3202 1537 3255 39.
1572 3197 1670 3236 ...4
1709 3215 1727 3242 1
1767 3203 1862 3248 Cor.

139 3284 217 3327 xv,
254 3272 323 3313 28.
