<?xml version="1.0" encoding="UTF-8"?>
<!DOCTYPE html PUBLIC "-//W3C//DTD XHTML 1.0 Transitional//EN"
    "http://www.w3.org/TR/xhtml1/DTD/xhtml1-transitional.dtd">
<html xmlns="http://www.w3.org/1999/xhtml" xml:lang="en" lang="en">
 <head>
  <title>
</title>
<meta http-equiv="Content-Type" content="text/html;charset=utf-8" />
  <meta name='ocr-system' content='tesseract 3.04.00' />
  <meta name='ocr-capabilities' content='ocr_page ocr_carea ocr_par ocr_line ocrx_word'/>
</head>
<body>
  <div class='ocr_page' id='page_1' title='image "./operaomniaaccura30auguuoft_0368.png"; bbox 0 0 2144 3808; ppageno 0'>
   <div class='ocr_carea' id='block_1_1' title="bbox 306 264 2114 3295">
    <p class='ocr_par' dir='ltr' id='par_1_1' title="bbox 352 264 1593 328">
     <span class='ocr_line' id='line_1_1' title="bbox 352 264 1593 328; baseline -0.001 -2"><span class='ocrx_word' id='word_1_1' title='bbox 352 264 470 326; x_wconf 81' lang='lat'>358</span> <span class='ocrx_word' id='word_1_2' title='bbox 879 286 935 326; x_wconf 82' lang='lat' dir='ltr'>s.</span> <span class='ocrx_word' id='word_1_3' title='bbox 982 285 1291 326; x_wconf 72' lang='lat' dir='ltr'>Auensnm</span> <span class='ocrx_word' id='word_1_4' title='bbox 1331 287 1593 328; x_wconf 73' lang='lat' dir='ltr'>amscorr</span> 
     </span>
    </p>

    <p class='ocr_par' dir='ltr' id='par_1_2' title="bbox 351 366 2076 451">
     <span class='ocr_line' id='line_1_2' title="bbox 351 366 2076 451; baseline 0.002 -24"><span class='ocrx_word' id='word_1_5' title='bbox 351 368 464 437; x_wconf 85' lang='lat' dir='ltr'>tia;</span> <span class='ocrx_word' id='word_1_6' title='bbox 511 366 759 449; x_wconf 88' lang='lat' dir='ltr'>sequitur</span> <span class='ocrx_word' id='word_1_7' title='bbox 797 380 859 427; x_wconf 90' lang='lat' dir='ltr'>ut</span> <span class='ocrx_word' id='word_1_8' title='bbox 909 367 1079 445; x_wconf 84' lang='lat' dir='ltr'>hujus</span> <span class='ocrx_word' id='word_1_9' title='bbox 1117 367 1387 428; x_wconf 86' lang='lat' dir='ltr'>fortitudo</span> <span class='ocrx_word' id='word_1_10' title='bbox 1438 370 1620 427; x_wconf 90' lang='lat' dir='ltr'>minus</span> <span class='ocrx_word' id='word_1_11' title='bbox 1669 370 1910 451; x_wconf 88' lang='lat' dir='ltr'>prudens</span> <span class='ocrx_word' id='word_1_12' title='bbox 1957 372 2023 431; x_wconf 90' lang='lat' dir='ltr'>sit</span> <span class='ocrx_word' id='word_1_13' title='bbox 2063 417 2076 443; x_wconf 87' lang='lat'><strong><em>‚</em></strong></span> 
     </span>
    </p>

    <p class='ocr_par' dir='ltr' id='par_1_3' title="bbox 306 457 2084 543">
     <span class='ocr_line' id='line_1_3' title="bbox 306 457 2084 543; baseline 0 -24"><span class='ocrx_word' id='word_1_14' title='bbox 306 458 308 461; x_wconf 69' lang='grc'><strong>’</strong></span> <span class='ocrx_word' id='word_1_15' title='bbox 350 480 414 523; x_wconf 82' lang='lat' dir='ltr'>ac</span> <span class='ocrx_word' id='word_1_16' title='bbox 461 479 562 539; x_wconf 87' lang='lat' dir='ltr'>per</span> <span class='ocrx_word' id='word_1_17' title='bbox 603 458 714 525; x_wconf 85' lang='lat' dir='ltr'>hoc</span> <span class='ocrx_word' id='word_1_18' title='bbox 756 480 857 521; x_wconf 83' lang='lat' dir='ltr'>nec</span> <span class='ocrx_word' id='word_1_19' title='bbox 890 457 1215 518; x_wconf 81' lang='lat' dir='ltr'>fortitudine</span> <span class='ocrx_word' id='word_1_20' title='bbox 1256 459 1493 540; x_wconf 82' lang='lat' dir='ltr'>aequales</span> <span class='ocrx_word' id='word_1_21' title='bbox 1538 474 1700 533; x_wconf 86' lang='grc'>50111,</span> <span class='ocrx_word' id='word_1_22' title='bbox 1740 461 1959 543; x_wconf 87' lang='lat' dir='ltr'>quando</span> <span class='ocrx_word' id='word_1_23' title='bbox 2006 475 2084 520; x_wconf 87' lang='lat' dir='ltr'>est</span> 
     </span>
    </p>

    <p class='ocr_par' dir='ltr' id='par_1_4' title="bbox 345 547 2083 631">
     <span class='ocr_line' id='line_1_4' title="bbox 345 547 2083 631; baseline 0.002 -25"><span class='ocrx_word' id='word_1_24' title='bbox 345 547 494 609; x_wconf 87' lang='lat' dir='ltr'>illius</span> <span class='ocrx_word' id='word_1_25' title='bbox 537 547 807 613; x_wconf 76' lang='lat' dir='ltr'>fortitudo</span> <span class='ocrx_word' id='word_1_26' title='bbox 837 548 1177 630; x_wconf 75' lang='lat' dir='ltr'><strong>prudentior.</strong></span> <span class='ocrx_word' id='word_1_27' title='bbox 1230 552 1410 631; x_wconf 84' lang='lat' dir='ltr'>Atqu-e</span> <span class='ocrx_word' id='word_1_28' title='bbox 1451 552 1530 609; x_wconf 84' lang='lat' dir='ltr'>ita</span> <span class='ocrx_word' id='word_1_29' title='bbox 1559 550 1627 609; x_wconf 79' lang='lat' dir='ltr'>cle</span> <span class='ocrx_word' id='word_1_30' title='bbox 1669 551 1879 610; x_wconf 80' lang='lat' dir='ltr'>caeteris</span> <span class='ocrx_word' id='word_1_31' title='bbox 1906 552 2083 612; x_wconf 80' lang='lat' dir='ltr'>virtu-</span> 
     </span>
    </p>

    <p class='ocr_par' dir='ltr' id='par_1_5' title="bbox 347 636 2073 723">
     <span class='ocr_line' id='line_1_5' title="bbox 347 636 2073 723; baseline 0.002 -26"><span class='ocrx_word' id='word_1_32' title='bbox 347 636 777 723; x_wconf 80' lang='lat' dir='ltr'>tibusinvenieS,</span> <span class='ocrx_word' id='word_1_33' title='bbox 812 638 857 699; x_wconf 88' lang='lat' dir='ltr'>si</span> <span class='ocrx_word' id='word_1_34' title='bbox 886 645 1070 698; x_wconf 88' lang='lat' dir='ltr'>&#39;omnes</span> <span class='ocrx_word' id='word_1_35' title='bbox 1093 639 1284 698; x_wconf 83' lang='lat' dir='ltr'>eadem</span> <span class='ocrx_word' id='word_1_36' title='bbox 1311 640 1748 700; x_wconf 80' lang='lat' dir='ltr'>consideratione</span> <span class='ocrx_word' id='word_1_37' title='bbox 1781 661 2073 722; x_wconf 82' lang='lat' dir='ltr'>percurras,</span> 
     </span>
    </p>

    <p class='ocr_par' dir='ltr' id='par_1_6' title="bbox 350 724 2084 808">
     <span class='ocr_line' id='line_1_6' title="bbox 350 724 2084 808; baseline 0.001 -22"><span class='ocrx_word' id='word_1_38' title='bbox 350 725 479 786; x_wconf 85' lang='lat' dir='ltr'>Non</span> <span class='ocrx_word' id='word_1_39' title='bbox 501 725 651 791; x_wconf 85' lang='lat' dir='ltr'>enim</span> <span class='ocrx_word' id='word_1_40' title='bbox 678 724 749 790; x_wconf 87' lang='lat' dir='ltr'>de</span> <span class='ocrx_word' id='word_1_41' title='bbox 770 726 983 790; x_wconf 86' lang='lat' dir='ltr'>viribus</span> <span class='ocrx_word' id='word_1_42' title='bbox 1025 730 1276 808; x_wconf 87' lang='lat' dir='ltr'>corporis</span> <span class='ocrx_word' id='word_1_43' title='bbox 1313 729 1520 804; x_wconf 79' lang='lat' dir='ltr'>agitur,</span> <span class='ocrx_word' id='word_1_44' title='bbox 1563 727 1656 787; x_wconf 86' lang='lat' dir='ltr'>sed</span> <span class='ocrx_word' id='word_1_45' title='bbox 1685 727 1755 786; x_wconf 89' lang='lat' dir='ltr'>de</span> <span class='ocrx_word' id='word_1_46' title='bbox 1785 729 1949 788; x_wconf 86' lang='lat' dir='ltr'>animi</span> <span class='ocrx_word' id='word_1_47' title='bbox 1964 729 2084 788; x_wconf 87' lang='lat' dir='ltr'>for-</span> 
     </span>
    </p>

    <p class='ocr_par' dir='ltr' id='par_1_7' title="bbox 350 811 2085 894">
     <span class='ocr_line' id='line_1_7' title="bbox 350 811 2085 894; baseline 0.003 -22"><span class='ocrx_word' id='word_1_48' title='bbox 350 814 603 874; x_wconf 85' lang='lat' dir='ltr'>titudine.</span> <span class='ocrx_word' id='word_1_49' title='bbox 644 814 867 887; x_wconf 89' lang='lat' dir='ltr'>Quanto</span> <span class='ocrx_word' id='word_1_50' title='bbox 895 838 1021 892; x_wconf 85' lang='lat' dir='ltr'>ergo</span> <span class='ocrx_word' id='word_1_51' title='bbox 1046 818 1215 894; x_wconf 84' lang='lat' dir='ltr'>magis</span> <span class='ocrx_word' id='word_1_52' title='bbox 1260 819 1321 876; x_wconf 78' lang='lat' dir='ltr'>in</span> <span class='ocrx_word' id='word_1_53' title='bbox 1342 819 1436 876; x_wconf 87' lang='lat' dir='ltr'>illa</span> <span class='ocrx_word' id='word_1_54' title='bbox 1462 811 1904 877; x_wconf 83' lang='lat' dir='ltr'>incommutabili</span> <span class='ocrx_word' id='word_1_55' title='bbox 1924 831 2085 878; x_wconf 84' lang='lat' dir='ltr'>aeter—</span> 
     </span>
    </p>

    <p class='ocr_par' dir='ltr' id='par_1_8' title="bbox 349 905 2088 1079">
     <span class='ocr_line' id='line_1_8' title="bbox 351 905 2088 994; baseline 0.001 -31"><span class='ocrx_word' id='word_1_56' title='bbox 351 922 534 986; x_wconf 82' lang='lat' dir='ltr'>naque</span> <span class='ocrx_word' id='word_1_57' title='bbox 566 905 872 971; x_wconf 83' lang='lat' dir='ltr'>substantia</span> <span class='ocrx_word' id='word_1_58' title='bbox 915 907 1425 987; x_wconf 75' lang='lat' dir='ltr'>incomparabiliter</span> <span class='ocrx_word' id='word_1_59' title='bbox 1458 905 1790 989; x_wconf 85' lang='lat' dir='ltr'>simpliciore</span> <span class='ocrx_word' id='word_1_60' title='bbox 1814 928 1982 994; x_wconf 86' lang='lat' dir='ltr'>quam</span> <span class='ocrx_word' id='word_1_61' title='bbox 2009 921 2088 966; x_wconf 87' lang='lat' dir='ltr'>est</span> 
     </span>
     <span class='ocr_line' id='line_1_9' title="bbox 349 994 2087 1079; baseline 0 -25"><span class='ocrx_word' id='word_1_62' title='bbox 349 995 562 1061; x_wconf 87' lang='lat' dir='ltr'>animus</span> <span class='ocrx_word' id='word_1_63' title='bbox 594 994 874 1059; x_wconf 82' lang='lat' dir='ltr'>humanus</span> <span class='ocrx_word' id='word_1_64' title='bbox 894 1042 909 1068; x_wconf 90' lang='lat'><strong>,</strong></span> <span class='ocrx_word' id='word_1_65' title='bbox 942 996 1069 1055; x_wconf 81' lang='lat' dir='ltr'>baec</span> <span class='ocrx_word' id='word_1_66' title='bbox 1110 997 1187 1055; x_wconf 86' lang='lat' dir='ltr'>ita</span> <span class='ocrx_word' id='word_1_67' title='bbox 1223 1019 1278 1056; x_wconf 91' lang='lat' dir='ltr'>se</span> <span class='ocrx_word' id='word_1_68' title='bbox 1311 999 1558 1057; x_wconf 71' lang='lat' dir='ltr'>habent?</span> <span class='ocrx_word' id='word_1_69' title='bbox 1591 1000 1847 1057; x_wconf 88' lang='lat' dir='ltr'>Humano</span> <span class='ocrx_word' id='word_1_70' title='bbox 1879 998 2087 1079; x_wconf 90' lang='lat' dir='ltr'>quippe</span> 
     </span>
    </p>

    <p class='ocr_par' dir='ltr' id='par_1_9' title="bbox 355 1083 2086 1168">
     <span class='ocr_line' id='line_1_10' title="bbox 355 1083 2086 1168; baseline 0.002 -26"><span class='ocrx_word' id='word_1_71' title='bbox 355 1084 540 1146; x_wconf 82' lang='lat' dir='ltr'>animo</span> <span class='ocrx_word' id='word_1_72' title='bbox 562 1102 676 1155; x_wconf 69' lang='lat' dir='ltr'>non</span> <span class='ocrx_word' id='word_1_73' title='bbox 703 1083 815 1143; x_wconf 86' lang='lat' dir='ltr'>hoc</span> <span class='ocrx_word' id='word_1_74' title='bbox 837 1097 917 1142; x_wconf 85' lang='lat' dir='ltr'>est</span> <span class='ocrx_word' id='word_1_75' title='bbox 959 1105 1069 1142; x_wconf 87' lang='lat' dir='ltr'>esse</span> <span class='ocrx_word' id='word_1_76' title='bbox 1110 1085 1264 1165; x_wconf 91' lang='lat' dir='ltr'>quod</span> <span class='ocrx_word' id='word_1_77' title='bbox 1300 1099 1378 1144; x_wconf 83' lang='lat' dir='ltr'>est</span> <span class='ocrx_word' id='word_1_78' title='bbox 1407 1086 1604 1144; x_wconf 83' lang='lat' dir='ltr'>fortem</span> <span class='ocrx_word' id='word_1_79' title='bbox 1645 1106 1777 1159; x_wconf 84' lang='lat' dir='ltr'>esse,</span> <span class='ocrx_word' id='word_1_80' title='bbox 1818 1099 1911 1146; x_wconf 88' lang='lat' dir='ltr'>aut</span> <span class='ocrx_word' id='word_1_81' title='bbox 1945 1107 2086 1168; x_wconf 86' lang='lat' dir='ltr'>pru-</span> 
     </span>
    </p>

    <p class='ocr_par' dir='ltr' id='par_1_10' title="bbox 350 1172 2087 1257">
     <span class='ocr_line' id='line_1_11' title="bbox 350 1172 2087 1257; baseline -0.002 -20"><span class='ocrx_word' id='word_1_82' title='bbox 350 1172 593 1245; x_wconf 79' lang='lat' dir='ltr'>dentem,</span> <span class='ocrx_word' id='word_1_83' title='bbox 632 1185 730 1232; x_wconf 87' lang='lat' dir='ltr'>aut</span> <span class='ocrx_word' id='word_1_84' title='bbox 746 1177 991 1249; x_wconf 82' lang='lat' dir='ltr'>justum,</span> <span class='ocrx_word' id='word_1_85' title='bbox 1020 1187 1115 1232; x_wconf 89' lang='lat' dir='ltr'>aut</span> <span class='ocrx_word' id='word_1_86' title='bbox 1144 1187 1539 1256; x_wconf 81' lang='lat' dir='ltr'>temperantem</span> <span class='ocrx_word' id='word_1_87' title='bbox 1563 1198 1578 1234; x_wconf 74' lang='grc' dir='ltr'><strong><em>ι</em></strong></span> <span class='ocrx_word' id='word_1_88' title='bbox 1605 1189 1785 1257; x_wconf 87' lang='lat' dir='ltr'>potest</span> <span class='ocrx_word' id='word_1_89' title='bbox 1819 1177 1962 1235; x_wconf 90' lang='lat' dir='ltr'>enim</span> <span class='ocrx_word' id='word_1_90' title='bbox 1979 1197 2087 1235; x_wconf 91' lang='lat' dir='ltr'>esse</span> 
     </span>
    </p>

    <p class='ocr_par' dir='ltr' id='par_1_11' title="bbox 348 1261 2089 1527">
     <span class='ocr_line' id='line_1_12' title="bbox 355 1261 2088 1333; baseline 0.001 -12"><span class='ocrx_word' id='word_1_91' title='bbox 355 1261 597 1333; x_wconf 78' lang='lat' dir='ltr'>animuS,</span> <span class='ocrx_word' id='word_1_92' title='bbox 635 1274 689 1321; x_wconf 90' lang='lat' dir='ltr'>et</span> <span class='ocrx_word' id='word_1_93' title='bbox 716 1261 928 1322; x_wconf 89' lang='lat' dir='ltr'>nullam</span> <span class='ocrx_word' id='word_1_94' title='bbox 962 1261 1190 1324; x_wconf 88' lang='lat' dir='ltr'>istarum</span> <span class='ocrx_word' id='word_1_95' title='bbox 1216 1263 1422 1322; x_wconf 89' lang='lat' dir='ltr'>habere</span> <span class='ocrx_word' id='word_1_96' title='bbox 1443 1264 1721 1324; x_wconf 81' lang='lat' dir='ltr'>virtutem.</span> <span class='ocrx_word' id='word_1_97' title='bbox 1758 1270 1877 1324; x_wconf 90' lang='lat' dir='ltr'>Deo</span> <span class='ocrx_word' id='word_1_98' title='bbox 1907 1276 2088 1323; x_wconf 88' lang='lat' dir='ltr'>autem</span> 
     </span>
     <span class='ocr_line' id='line_1_13' title="bbox 353 1350 2089 1433; baseline 0.001 -22"><span class='ocrx_word' id='word_1_99' title='bbox 353 1352 466 1411; x_wconf 88' lang='lat' dir='ltr'>hoc</span> <span class='ocrx_word' id='word_1_100' title='bbox 486 1363 566 1410; x_wconf 90' lang='lat' dir='ltr'>est</span> <span class='ocrx_word' id='word_1_101' title='bbox 593 1372 705 1411; x_wconf 87' lang='lat' dir='ltr'>esse</span> <span class='ocrx_word' id='word_1_102' title='bbox 722 1350 877 1433; x_wconf 84' lang='lat' dir='ltr'>qu‘od</span> <span class='ocrx_word' id='word_1_103' title='bbox 901 1365 980 1411; x_wconf 87' lang='lat' dir='ltr'>est</span> <span class='ocrx_word' id='word_1_104' title='bbox 1006 1351 1205 1412; x_wconf 90' lang='lat' dir='ltr'>fortem</span> <span class='ocrx_word' id='word_1_105' title='bbox 1229 1375 1359 1426; x_wconf 82' lang='lat' dir='ltr'>esse,</span> <span class='ocrx_word' id='word_1_106' title='bbox 1385 1367 1480 1412; x_wconf 88' lang='lat' dir='ltr'>aut</span> <span class='ocrx_word' id='word_1_107' title='bbox 1498 1359 1706 1430; x_wconf 86' lang='lat' dir='ltr'>justum</span> <span class='ocrx_word' id='word_1_108' title='bbox 1726 1375 1858 1427; x_wconf 80' lang='lat' dir='ltr'>esse,</span> <span class='ocrx_word' id='word_1_109' title='bbox 1886 1365 1980 1413; x_wconf 86' lang='lat' dir='ltr'>aut</span> <span class='ocrx_word' id='word_1_110' title='bbox 2007 1377 2089 1413; x_wconf 89' lang='lat' dir='ltr'>sa-</span> 
     </span>
     <span class='ocr_line' id='line_1_14' title="bbox 348 1440 2083 1527; baseline 0.001 -29"><span class='ocrx_word' id='word_1_111' title='bbox 348 1440 593 1523; x_wconf 79' lang='lat' dir='ltr'>pientem</span> <span class='ocrx_word' id='word_1_112' title='bbox 627 1461 766 1512; x_wconf 81' lang='lat' dir='ltr'>esse,</span> <span class='ocrx_word' id='word_1_113' title='bbox 798 1453 855 1501; x_wconf 85' lang='lat' dir='ltr'>et</span> <span class='ocrx_word' id='word_1_114' title='bbox 897 1441 942 1500; x_wconf 91' lang='lat' dir='ltr'>si</span> <span class='ocrx_word' id='word_1_115' title='bbox 963 1441 1101 1523; x_wconf 90' lang='lat' dir='ltr'>quid</span> <span class='ocrx_word' id='word_1_116' title='bbox 1144 1440 1214 1500; x_wconf 91' lang='lat' dir='ltr'>de</span> <span class='ocrx_word' id='word_1_117' title='bbox 1247 1441 1621 1527; x_wconf 23' lang='lat' dir='ltr'>illaqsimplici</span> <span class='ocrx_word' id='word_1_118' title='bbox 1652 1441 2083 1525; x_wconf 83' lang='lat' dir='ltr'>multiplicitate,</span> 
     </span>
    </p>

    <p class='ocr_par' dir='ltr' id='par_1_12' title="bbox 349 1525 2092 1869">
     <span class='ocr_line' id='line_1_15' title="bbox 354 1525 2090 1613; baseline 0.001 -24"><span class='ocrx_word' id='word_1_119' title='bbox 354 1529 442 1590; x_wconf 88' lang='lat' dir='ltr'>vel</span> <span class='ocrx_word' id='word_1_120' title='bbox 469 1527 750 1611; x_wconf 84' lang='lat' dir='ltr'>mutiplici</span> <span class='ocrx_word' id='word_1_121' title='bbox 764 1528 1122 1611; x_wconf 82' lang='lat' dir='ltr'>simplicitate</span> <span class='ocrx_word' id='word_1_122' title='bbox 1146 1530 1342 1590; x_wconf 87' lang='lat' dir='ltr'>dixeris</span> <span class='ocrx_word' id='word_1_123' title='bbox 1359 1577 1373 1602; x_wconf 87' lang='lat'><strong>‚</strong></span> <span class='ocrx_word' id='word_1_124' title='bbox 1403 1553 1518 1613; x_wconf 90' lang='lat' dir='ltr'>quo</span> <span class='ocrx_word' id='word_1_125' title='bbox 1536 1525 1835 1592; x_wconf 74' lang='lat' dir='ltr'>Substantia</span> <span class='ocrx_word' id='word_1_126' title='bbox 1854 1536 1970 1609; x_wconf 80' lang='lat' dir='ltr'>eJ&#39;us</span> <span class='ocrx_word' id='word_1_127' title='bbox 1986 1532 2090 1608; x_wconf 85' lang='lat' dir='ltr'>sig-</span> 
     </span>
     <span class='ocr_line' id='line_1_16' title="bbox 356 1618 2091 1692; baseline -0.001 -13"><span class='ocrx_word' id='word_1_128' title='bbox 356 1618 630 1679; x_wconf 85' lang='lat' dir='ltr'>nificetur.</span> <span class='ocrx_word' id='word_1_129' title='bbox 669 1619 1052 1692; x_wconf 78' lang='lat' dir='ltr'>Quamobrem</span> <span class='ocrx_word' id='word_1_130' title='bbox 1100 1619 1212 1680; x_wconf 90' lang='lat' dir='ltr'>sive</span> <span class='ocrx_word' id='word_1_131' title='bbox 1234 1621 1310 1679; x_wconf 86' lang='lat' dir='ltr'>ita</span> <span class='ocrx_word' id='word_1_132' title='bbox 1338 1620 1560 1680; x_wconf 88' lang='lat' dir='ltr'>dicatur</span> <span class='ocrx_word' id='word_1_133' title='bbox 1589 1622 1735 1680; x_wconf 92' lang='lat' dir='ltr'>Deus</span> <span class='ocrx_word' id='word_1_134' title='bbox 1761 1620 1830 1680; x_wconf 90' lang='lat' dir='ltr'>de</span> <span class='ocrx_word' id='word_1_135' title='bbox 1854 1622 1993 1692; x_wconf 88' lang='lat' dir='ltr'>Deo,</span> <span class='ocrx_word' id='word_1_136' title='bbox 2029 1632 2091 1678; x_wconf 89' lang='lat' dir='ltr'>ut</span> 
     </span>
     <span class='ocr_line' id='line_1_17' title="bbox 349 1707 2092 1785; baseline 0.001 -18"><span class='ocrx_word' id='word_1_137' title='bbox 349 1722 404 1767; x_wconf 86' lang='grc'>01</span> <span class='ocrx_word' id='word_1_138' title='bbox 435 1707 661 1785; x_wconf 88' lang='lat' dir='ltr'>singulis</span> <span class='ocrx_word' id='word_1_139' title='bbox 685 1709 796 1769; x_wconf 87' lang='lat' dir='ltr'>hoc</span> <span class='ocrx_word' id='word_1_140' title='bbox 826 1711 1360 1783; x_wconf 67' lang='lat' dir='ltr'>nomenconveniat,</span> <span class='ocrx_word' id='word_1_141' title='bbox 1395 1733 1507 1770; x_wconf 89' lang='lat' dir='ltr'>non</span> <span class='ocrx_word' id='word_1_142' title='bbox 1538 1724 1720 1770; x_wconf 87' lang='lat' dir='ltr'>tamen</span> <span class='ocrx_word' id='word_1_143' title='bbox 1751 1710 2092 1783; x_wconf 71' lang='grc'>0131011051-</span> 
     </span>
     <span class='ocr_line' id='line_1_18' title="bbox 356 1798 2088 1869; baseline -0.001 -12"><span class='ocrx_word' id='word_1_144' title='bbox 356 1798 475 1858; x_wconf 89' lang='lat' dir='ltr'>mul</span> <span class='ocrx_word' id='word_1_145' title='bbox 503 1798 617 1858; x_wconf 91' lang='lat' dir='ltr'>duo</span> <span class='ocrx_word' id='word_1_146' title='bbox 646 1798 747 1869; x_wconf 81' lang='lat' dir='ltr'>dii,</span> <span class='ocrx_word' id='word_1_147' title='bbox 779 1798 873 1859; x_wconf 86' lang='lat' dir='ltr'>sed</span> <span class='ocrx_word' id='word_1_148' title='bbox 909 1820 1051 1858; x_wconf 89' lang='lat' dir='ltr'>unus</span> <span class='ocrx_word' id='word_1_149' title='bbox 1080 1801 1228 1859; x_wconf 89' lang='lat' dir='ltr'>Deus</span> <span class='ocrx_word' id='word_1_150' title='bbox 1253 1801 1337 1861; x_wconf 87' lang='lat' dir='ltr'>sit.</span> <span class='ocrx_word' id='word_1_151' title='bbox 1373 1803 1456 1860; x_wconf 87' lang='lat' dir='ltr'>Ita</span> <span class='ocrx_word' id='word_1_152' title='bbox 1489 1801 1635 1860; x_wconf 89' lang='lat' dir='ltr'>enim</span> <span class='ocrx_word' id='word_1_153' title='bbox 1656 1801 1762 1859; x_wconf 86' lang='lat' dir='ltr'>sibi</span> <span class='ocrx_word' id='word_1_154' title='bbox 1783 1799 2088 1868; x_wconf 82' lang='lat' dir='ltr'>cohaerent,</span> 
     </span>
    </p>

    <p class='ocr_par' dir='ltr' id='par_1_13' title="bbox 348 1882 2114 2770">
     <span class='ocr_line' id='line_1_19' title="bbox 351 1882 2091 1970; baseline 0 -24"><span class='ocrx_word' id='word_1_155' title='bbox 351 1886 828 1968; x_wconf 81' lang='lat' dir='ltr'>quemadmodum</span> <span class='ocrx_word' id='word_1_156' title='bbox 852 1882 927 1945; x_wconf 51' lang='lat' dir='ltr'>&#39;et</span> <span class='ocrx_word' id='word_1_157' title='bbox 946 1888 1009 1965; x_wconf 83' lang='lat' dir='ltr'>in</span> <span class='ocrx_word' id='word_1_158' title='bbox 1051 1888 1385 1949; x_wconf 89' lang='lat' dir='ltr'>distantibus</span> <span class='ocrx_word' id='word_1_159' title='bbox 1413 1890 1750 1970; x_wconf 84' lang='lat' dir='ltr'>diversisque</span> <span class='ocrx_word' id='word_1_160' title='bbox 1776 1888 2091 1963; x_wconf 70' lang='lat' dir='ltr'>substantiis</span> 
     </span>
     <span class='ocr_line' id='line_1_20' title="bbox 351 1975 2092 2058; baseline -0.001 -23"><span class='ocrx_word' id='word_1_161' title='bbox 351 1975 473 2035; x_wconf 74' lang='lat' dir='ltr'>sieri</span> <span class='ocrx_word' id='word_1_162' title='bbox 499 1975 794 2057; x_wconf 87' lang='lat' dir='ltr'>Apostolus</span> <span class='ocrx_word' id='word_1_163' title='bbox 823 1975 972 2035; x_wconf 77' lang='lat' dir='ltr'>testis</span> <span class='ocrx_word' id='word_1_164' title='bbox 995 1989 1091 2038; x_wconf 91' lang='lat' dir='ltr'>est.</span> <span class='ocrx_word' id='word_1_165' title='bbox 1130 1979 1273 2036; x_wconf 90' lang='lat' dir='ltr'>Nam</span> <span class='ocrx_word' id='word_1_166' title='bbox 1295 1992 1348 2036; x_wconf 92' lang='lat' dir='ltr'>et</span> <span class='ocrx_word' id='word_1_167' title='bbox 1379 1979 1524 2036; x_wconf 87' lang='lat' dir='ltr'>solus</span> <span class='ocrx_word' id='word_1_168' title='bbox 1558 1978 1831 2036; x_wconf 90' lang='lat' dir='ltr'>Dominus</span> <span class='ocrx_word' id='word_1_169' title='bbox 1854 1976 2092 2058; x_wconf 86' lang='lat' dir='ltr'>Spiritus</span> 
     </span>
     <span class='ocr_line' id='line_1_21' title="bbox 348 2064 2093 2147; baseline -0.002 -23"><span class='ocrx_word' id='word_1_170' title='bbox 348 2079 449 2136; x_wconf 85' lang='lat' dir='ltr'>est,</span> <span class='ocrx_word' id='word_1_171' title='bbox 481 2077 536 2124; x_wconf 87' lang='lat' dir='ltr'>et</span> <span class='ocrx_word' id='word_1_172' title='bbox 565 2065 713 2125; x_wconf 89' lang='lat' dir='ltr'>solus</span> <span class='ocrx_word' id='word_1_173' title='bbox 726 2064 968 2125; x_wconf 89' lang='lat' dir='ltr'>hominis</span> <span class='ocrx_word' id='word_1_174' title='bbox 989 2065 1214 2146; x_wconf 88' lang='lat' dir='ltr'>spiritus</span> <span class='ocrx_word' id='word_1_175' title='bbox 1242 2066 1430 2147; x_wconf 88' lang='lat' dir='ltr'>utique</span> <span class='ocrx_word' id='word_1_176' title='bbox 1457 2066 1682 2147; x_wconf 88' lang='lat' dir='ltr'>spiritus</span> <span class='ocrx_word' id='word_1_177' title='bbox 1707 2078 1808 2137; x_wconf 91' lang='lat' dir='ltr'>est,</span> <span class='ocrx_word' id='word_1_178' title='bbox 1839 2077 2019 2123; x_wconf 91' lang='lat' dir='ltr'>tamen</span> <span class='ocrx_word' id='word_1_179' title='bbox 2048 2064 2093 2122; x_wconf 90' lang='lat' dir='ltr'>si</span> 
     </span>
     <span class='ocr_line' id='line_1_22' title="bbox 351 2152 2092 2236; baseline -0.002 -23"><span class='ocrx_word' id='word_1_180' title='bbox 351 2154 562 2213; x_wconf 80' lang='lat' dir='ltr'>haereat</span> <span class='ocrx_word' id='word_1_181' title='bbox 593 2152 833 2213; x_wconf 90' lang='lat' dir='ltr'>Domino</span> <span class='ocrx_word' id='word_1_182' title='bbox 848 2173 991 2213; x_wconf 87' lang='lat' dir='ltr'>unus</span> <span class='ocrx_word' id='word_1_183' title='bbox 1003 2154 1229 2235; x_wconf 87' lang='lat' dir='ltr'>spiritus</span> <span class='ocrx_word' id='word_1_184' title='bbox 1249 2155 1406 2213; x_wconf 70' lang='lat' dir='ltr'>est1:</span> <span class='ocrx_word' id='word_1_185' title='bbox 1438 2168 1645 2236; x_wconf 85' lang='lat' dir='ltr'>quanto</span> <span class='ocrx_word' id='word_1_186' title='bbox 1668 2155 1838 2230; x_wconf 84' lang='lat' dir='ltr'>magis</span> <span class='ocrx_word' id='word_1_187' title='bbox 1855 2153 1958 2225; x_wconf 88' lang='lat' dir='ltr'>ibi,</span> <span class='ocrx_word' id='word_1_188' title='bbox 1992 2153 2092 2211; x_wconf 89' lang='lat' dir='ltr'>ubi</span> 
     </span>
     <span class='ocr_line' id='line_1_23' title="bbox 353 2243 2090 2326; baseline -0.002 -21"><span class='ocrx_word' id='word_1_189' title='bbox 353 2257 431 2305; x_wconf 87' lang='lat' dir='ltr'>est</span> <span class='ocrx_word' id='word_1_190' title='bbox 453 2243 678 2305; x_wconf 89' lang='lat' dir='ltr'>omnino</span> <span class='ocrx_word' id='word_1_191' title='bbox 719 2243 1106 2324; x_wconf 19' lang='lat' dir='ltr'>inseparabilis.</span> <span class='ocrx_word' id='word_1_192' title='bbox 1142 2258 1303 2326; x_wconf 88' lang='lat' dir='ltr'>atque</span> <span class='ocrx_word' id='word_1_193' title='bbox 1338 2258 1540 2304; x_wconf 84' lang='lat' dir='ltr'>aeterna</span> <span class='ocrx_word' id='word_1_194' title='bbox 1586 2244 1871 2316; x_wconf 83' lang='lat' dir='ltr'>connexi0,</span> <span class='ocrx_word' id='word_1_195' title='bbox 1895 2264 1962 2301; x_wconf 90' lang='lat' dir='ltr'>ne</span> <span class='ocrx_word' id='word_1_196' title='bbox 1987 2244 2090 2301; x_wconf 83' lang='lat' dir='ltr'>ab·-</span> 
     </span>
     <span class='ocr_line' id='line_1_24' title="bbox 354 2331 2093 2414; baseline -0.002 -22"><span class='ocrx_word' id='word_1_197' title='bbox 354 2331 518 2392; x_wconf 85' lang='lat' dir='ltr'>surde</span> <span class='ocrx_word' id='word_1_198' title='bbox 541 2331 656 2392; x_wconf 84' lang='lat' dir='ltr'>dici</span> <span class='ocrx_word' id='word_1_199' title='bbox 682 2332 936 2397; x_wconf 83' lang='lat' dir='ltr'>videatur</span> <span class='ocrx_word' id='word_1_200' title='bbox 966 2334 1122 2414; x_wconf 81' lang='lat' dir='ltr'>quasi</span> <span class='ocrx_word' id='word_1_201' title='bbox 1167 2333 1338 2392; x_wconf 82' lang='lat' dir='ltr'>Fili-us</span> <span class='ocrx_word' id='word_1_202' title='bbox 1376 2335 1665 2393; x_wconf 86' lang='lat' dir='ltr'>amborum</span> <span class='ocrx_word' id='word_1_203' title='bbox 1683 2381 1697 2405; x_wconf 84' lang='lat'>‚</span> <span class='ocrx_word' id='word_1_204' title='bbox 1732 2354 1859 2391; x_wconf 90' lang='lat' dir='ltr'>cum</span> <span class='ocrx_word' id='word_1_205' title='bbox 1889 2331 2093 2390; x_wconf 86' lang='lat' dir='ltr'>dicitur</span> 
     </span>
     <span class='ocr_line' id='line_1_25' title="bbox 354 2418 2093 2502; baseline -0.001 -23"><span class='ocrx_word' id='word_1_206' title='bbox 354 2421 524 2479; x_wconf 86' lang='lat' dir='ltr'>Filius</span> <span class='ocrx_word' id='word_1_207' title='bbox 548 2420 674 2493; x_wconf 89' lang='lat' dir='ltr'>Dei,</span> <span class='ocrx_word' id='word_1_208' title='bbox 707 2421 755 2481; x_wconf 89' lang='lat' dir='ltr'>si</span> <span class='ocrx_word' id='word_1_209' title='bbox 772 2420 833 2483; x_wconf 90' lang='lat' dir='ltr'>id</span> <span class='ocrx_word' id='word_1_210' title='bbox 855 2421 1009 2502; x_wconf 90' lang='lat' dir='ltr'>quod</span> <span class='ocrx_word' id='word_1_211' title='bbox 1038 2421 1244 2480; x_wconf 75' lang='lat' dir='ltr'>dicitur</span> <span class='ocrx_word' id='word_1_212' title='bbox 1268 2424 1436 2494; x_wconf 82' lang='lat' dir='ltr'>Deus,</span> <span class='ocrx_word' id='word_1_213' title='bbox 1468 2444 1579 2480; x_wconf 85' lang='lat' dir='ltr'>non</span> <span class='ocrx_word' id='word_1_214' title='bbox 1607 2419 1710 2479; x_wconf 89' lang='lat' dir='ltr'>nisi</span> <span class='ocrx_word' id='word_1_215' title='bbox 1735 2421 1802 2479; x_wconf 87' lang='lat' dir='ltr'>de</span> <span class='ocrx_word' id='word_1_216' title='bbox 1825 2418 2093 2481; x_wconf 85' lang='lat' dir='ltr'>ambobus</span> 
     </span>
     <span class='ocr_line' id='line_1_26' title="bbox 355 2508 2114 2592; baseline -0.002 -24"><span class='ocrx_word' id='word_1_217' title='bbox 355 2510 558 2570; x_wconf 87' lang='lat' dir='ltr'>dicitur</span> <span class='ocrx_word' id='word_1_218' title='bbox 580 2509 742 2569; x_wconf 89' lang='lat' dir='ltr'>simul</span> <span class='ocrx_word' id='word_1_219' title='bbox 763 2532 777 2568; x_wconf 74' lang='grc' dir='ltr'><em>τ</em></span> <span class='ocrx_word' id='word_1_220' title='bbox 796 2511 906 2571; x_wconf 89' lang='lat' dir='ltr'>sive</span> <span class='ocrx_word' id='word_1_221' title='bbox 924 2510 1295 2592; x_wconf 76' lang='lat' dir='ltr'>quidquidde</span> <span class='ocrx_word' id='word_1_222' title='bbox 1313 2511 1651 2569; x_wconf 89' lang='lat' dir='ltr'>Deo-dicitur</span> <span class='ocrx_word' id='word_1_223' title='bbox 1669 2508 1820 2592; x_wconf 87' lang='lat' dir='ltr'>quod</span> <span class='ocrx_word' id='word_1_224' title='bbox 1843 2509 2026 2567; x_wconf 82' lang='lat' dir='ltr'>substa</span> <span class='ocrx_word' id='word_1_225' title='bbox 2035 2530 2114 2564; x_wconf 47' lang='lat' dir='ltr'>nr</span> 
     </span>
     <span class='ocr_line' id='line_1_27' title="bbox 349 2595 2092 2677; baseline -0.002 -21"><span class='ocrx_word' id='word_1_226' title='bbox 349 2600 486 2657; x_wconf 89' lang='lat' dir='ltr'>tiam</span> <span class='ocrx_word' id='word_1_227' title='bbox 512 2603 628 2677; x_wconf 88' lang='lat' dir='ltr'>ejus</span> <span class='ocrx_word' id='word_1_228' title='bbox 662 2599 894 2672; x_wconf 84' lang='lat' dir='ltr'>indicet,</span> <span class='ocrx_word' id='word_1_229' title='bbox 939 2621 1052 2658; x_wconf 90' lang='lat' dir='ltr'>non</span> <span class='ocrx_word' id='word_1_230' title='bbox 1101 2600 1206 2658; x_wconf 90' lang='lat' dir='ltr'>nisi</span> <span class='ocrx_word' id='word_1_231' title='bbox 1237 2599 1305 2658; x_wconf 87' lang='lat' dir='ltr'>de</span> <span class='ocrx_word' id='word_1_232' title='bbox 1357 2600 1633 2658; x_wconf 87' lang='lat' dir='ltr'>ambobus</span> <span class='ocrx_word' id='word_1_233' title='bbox 1670 2597 1854 2667; x_wconf 86' lang='lat' dir='ltr'>simul,</span> <span class='ocrx_word' id='word_1_234' title='bbox 1889 2597 2000 2654; x_wconf 89' lang='lat' dir='ltr'>imo</span> <span class='ocrx_word' id='word_1_235' title='bbox 2024 2595 2092 2653; x_wconf 76' lang='lat' dir='ltr'>cle</span> 
     </span>
     <span class='ocr_line' id='line_1_28' title="bbox 352 2683 2087 2770; baseline -0.005 -22"><span class='ocrx_word' id='word_1_236' title='bbox 352 2689 368 2748; x_wconf 91' lang='lat' dir='ltr'>i</span> <span class='ocrx_word' id='word_1_237' title='bbox 372 2688 657 2770; x_wconf 8' lang='lat' dir='ltr'>psaysimul</span> <span class='ocrx_word' id='word_1_238' title='bbox 679 2689 948 2748; x_wconf 88' lang='lat' dir='ltr'>Trinitate</span> <span class='ocrx_word' id='word_1_239' title='bbox 975 2688 1198 2748; x_wconf 89' lang='lat' dir='ltr'>dicitur.</span> <span class='ocrx_word' id='word_1_240' title='bbox 1223 2687 1349 2747; x_wconf 86' lang='lat' dir='ltr'>Sive</span> <span class='ocrx_word' id='word_1_241' title='bbox 1377 2707 1503 2763; x_wconf 86' lang='lat' dir='ltr'>ergo</span> <span class='ocrx_word' id='word_1_242' title='bbox 1530 2683 1662 2756; x_wconf 85' lang='lat' dir='ltr'>hoc,</span> <span class='ocrx_word' id='word_1_243' title='bbox 1696 2685 1808 2744; x_wconf 88' lang='lat' dir='ltr'>sive</span> <span class='ocrx_word' id='word_1_244' title='bbox 1829 2683 1970 2742; x_wconf 87' lang='lat' dir='ltr'>illud</span> <span class='ocrx_word' id='word_1_245' title='bbox 1997 2683 2087 2755; x_wconf 85' lang='lat' dir='ltr'>sit,</span> 
     </span>
    </p>

    <p class='ocr_par' dir='ltr' id='par_1_14' title="bbox 354 2764 2091 2947">
     <span class='ocr_line' id='line_1_29' title="bbox 356 2764 2091 2860; baseline -0.004 -23"><span class='ocrx_word' id='word_1_246' title='bbox 356 2764 508 2860; x_wconf 80' lang='lat' dir='ltr'>quod</span> <span class='ocrx_word' id='word_1_247' title='bbox 537 2778 852 2857; x_wconf 84' lang='lat' dir='ltr'>diligentius</span> <span class='ocrx_word' id='word_1_248' title='bbox 883 2777 1291 2838; x_wconf 87' lang='lat' dir='ltr'>discutiendum</span> <span class='ocrx_word' id='word_1_249' title='bbox 1319 2790 1421 2850; x_wconf 70' lang='lat' dir='ltr'>est,</span> <span class='ocrx_word' id='word_1_250' title='bbox 1455 2797 1606 2834; x_wconf 89' lang='grc'>110110</span> <span class='ocrx_word' id='word_1_251' title='bbox 1638 2775 1780 2833; x_wconf 88' lang='lat' dir='ltr'>unde</span> <span class='ocrx_word' id='word_1_252' title='bbox 1807 2774 1988 2851; x_wconf 83' lang='lat' dir='ltr'>agitur</span> <span class='ocrx_word' id='word_1_253' title='bbox 2011 2787 2091 2830; x_wconf 62' lang='grc'>511-</span> 
     </span>
     <span class='ocr_line' id='line_1_30' title="bbox 354 2861 2089 2947; baseline -0.005 -20"><span class='ocrx_word' id='word_1_254' title='bbox 354 2870 422 2927; x_wconf 88' lang='lat' dir='ltr'>tis</span> <span class='ocrx_word' id='word_1_255' title='bbox 444 2882 525 2927; x_wconf 91' lang='lat' dir='ltr'>est</span> <span class='ocrx_word' id='word_1_256' title='bbox 553 2868 759 2941; x_wconf 89' lang='lat' dir='ltr'>videre,</span> <span class='ocrx_word' id='word_1_257' title='bbox 792 2869 946 2929; x_wconf 90' lang='lat' dir='ltr'>nullo</span> <span class='ocrx_word' id='word_1_258' title='bbox 974 2867 1143 2927; x_wconf 90' lang='lat' dir='ltr'>modo</span> <span class='ocrx_word' id='word_1_259' title='bbox 1182 2866 1384 2925; x_wconf 90' lang='lat' dir='ltr'>Filium</span> <span class='ocrx_word' id='word_1_260' title='bbox 1413 2865 1684 2947; x_wconf 83' lang='lat' dir='ltr'>aequalem</span> <span class='ocrx_word' id='word_1_261' title='bbox 1712 2885 1821 2923; x_wconf 87' lang='lat' dir='ltr'>esse</span> <span class='ocrx_word' id='word_1_262' title='bbox 1847 2862 2019 2933; x_wconf 84' lang='lat' dir='ltr'>Patri,</span> <span class='ocrx_word' id='word_1_263' title='bbox 2046 2861 2089 2919; x_wconf 87' lang='lat' dir='ltr'>si</span> 
     </span>
    </p>

    <p class='ocr_par' dir='ltr' id='par_1_15' title="bbox 357 2952 2089 3039">
     <span class='ocr_line' id='line_1_31' title="bbox 357 2952 2089 3039; baseline -0.006 -21"><span class='ocrx_word' id='word_1_264' title='bbox 357 2958 417 3018; x_wconf 88' lang='lat' dir='ltr'>in</span> <span class='ocrx_word' id='word_1_265' title='bbox 445 2957 629 3039; x_wconf 89' lang='lat' dir='ltr'>aliquo</span> <span class='ocrx_word' id='word_1_266' title='bbox 650 2958 860 3017; x_wconf 88' lang='lat' dir='ltr'>scilicet</span> <span class='ocrx_word' id='word_1_267' title='bbox 901 2957 1052 3038; x_wconf 92' lang='lat' dir='ltr'>quod</span> <span class='ocrx_word' id='word_1_268' title='bbox 1098 2957 1374 3038; x_wconf 88' lang='lat' dir='ltr'>pertineat</span> <span class='ocrx_word' id='word_1_269' title='bbox 1417 2956 1484 3014; x_wconf 89' lang='lat' dir='ltr'>ad</span> <span class='ocrx_word' id='word_1_270' title='bbox 1525 2952 1938 3030; x_wconf 82' lang='lat' dir='ltr'>significandam</span> <span class='ocrx_word' id='word_1_271' title='bbox 1976 2954 2089 3026; x_wconf 84' lang='lat' dir='ltr'>ejus</span> 
     </span>
    </p>

    <p class='ocr_par' dir='ltr' id='par_1_16' title="bbox 358 3040 2079 3127">
     <span class='ocr_line' id='line_1_32' title="bbox 358 3040 2079 3127; baseline -0.004 -23"><span class='ocrx_word' id='word_1_272' title='bbox 358 3045 723 3105; x_wconf 85' lang='lat' dir='ltr'>substantiam</span> <span class='ocrx_word' id='word_1_273' title='bbox 747 3046 1034 3127; x_wconf 84' lang='lat' dir='ltr'>inaequalis</span> <span class='ocrx_word' id='word_1_274' title='bbox 1075 3046 1375 3118; x_wconf 79' lang='lat' dir='ltr'>invenitur,</span> <span class='ocrx_word' id='word_1_275' title='bbox 1419 3045 1693 3120; x_wconf 82' lang='lat' dir='ltr'>sicutjam</span> <span class='ocrx_word' id='word_1_276' title='bbox 1730 3040 2079 3100; x_wconf 75' lang='lat' dir='ltr'>ostendimus·</span> 
     </span>
    </p>

    <p class='ocr_par' dir='ltr' id='par_1_17' title="bbox 361 3132 2084 3216">
     <span class='ocr_line' id='line_1_33' title="bbox 361 3132 2084 3216; baseline -0.006 -22"><span class='ocrx_word' id='word_1_277' title='bbox 361 3133 658 3216; x_wconf 87' lang='lat' dir='ltr'>Apostolus</span> <span class='ocrx_word' id='word_1_278' title='bbox 679 3148 862 3194; x_wconf 87' lang='lat' dir='ltr'>autem</span> <span class='ocrx_word' id='word_1_279' title='bbox 886 3134 1020 3194; x_wconf 83' lang='lat' dir='ltr'>dixit</span> <span class='ocrx_word' id='word_1_280' title='bbox 1049 3135 1314 3216; x_wconf 83' lang='lat' dir='ltr'>aequalem</span> <span class='ocrx_word' id='word_1_281' title='bbox 1337 3134 1379 3196; x_wconf 81' lang='lat'>2.</span> <span class='ocrx_word' id='word_1_282' title='bbox 1404 3136 1466 3192; x_wconf 89' lang='lat' dir='ltr'>In</span> <span class='ocrx_word' id='word_1_283' title='bbox 1491 3132 1748 3192; x_wconf 87' lang='lat' dir='ltr'>omnibus</span> <span class='ocrx_word' id='word_1_284' title='bbox 1760 3152 1883 3209; x_wconf 85' lang='lat' dir='ltr'>ergo</span> <span class='ocrx_word' id='word_1_285' title='bbox 1905 3149 2084 3208; x_wconf 73' lang='lat' dir='ltr'>requa-</span> 
     </span>
    </p>

    <p class='ocr_par' dir='ltr' id='par_1_18' title="bbox 419 3236 1203 3295">
     <span class='ocr_line' id='line_1_34' title="bbox 419 3236 1203 3295; baseline 0 -16"><span class='ocrx_word' id='word_1_286' title='bbox 419 3241 433 3269; x_wconf 84' lang='lat'><strong>¹</strong></span> <span class='ocrx_word' id='word_1_287' title='bbox 461 3254 478 3279; x_wconf 84' lang='grc'>1</span> <span class='ocrx_word' id='word_1_288' title='bbox 505 3240 599 3282; x_wconf 82' lang='lat' dir='ltr'>Cor.</span> <span class='ocrx_word' id='word_1_289' title='bbox 622 3253 682 3292; x_wconf 78' lang='lat' dir='ltr'>vr,</span> <span class='ocrx_word' id='word_1_290' title='bbox 705 3253 774 3291; x_wconf 87' lang='lat'>¹7·</span> <span class='ocrx_word' id='word_1_291' title='bbox 798 3260 856 3270; x_wconf 92' lang='lat'><em>-</em></span> <span class='ocrx_word' id='word_1_292' title='bbox 874 3236 894 3267; x_wconf 77' lang='lat'><strong>²</strong></span> <span class='ocrx_word' id='word_1_293' title='bbox 914 3237 1068 3295; x_wconf 84' lang='lat' dir='ltr'>Philip.</span> <span class='ocrx_word' id='word_1_294' title='bbox 1092 3253 1136 3290; x_wconf 84' lang='lat' dir='ltr'>u,</span> <span class='ocrx_word' id='word_1_295' title='bbox 1160 3242 1203 3283; x_wconf 85' lang='lat'>6.</span> 
     </span>
    </p>
   </div>
  </div>
 </body>
</html>
