2144 3808
290 264 408 323 236
827 284 874 324 s.
924 282 1232 325 Aue‘usrrm
1274 282 1540 328 Eriscorr

286 362 612 427 molandum
622 363 770 443 ligna
784 366 1087 448 portabat1.
1101 367 1339 427 Accessit
1353 368 1469 428 istis
1489 364 1632 428 actio
1646 369 1902 450 quaedam
1914 361 2020 450 sig-'-

284 454 563 516 nificat-iva
581 459 698 532 jam
719 456 1071 515 existentibus
1093 479 1108 514 :
1136 478 1245 516 non
1264 472 1469 530 autem,
1486 459 1628 518 sicut
1645 459 1739 518 illa
1759 460 2022 521 columba

287 555 343 600 et
367 543 508 620 ignis
529 591 545 617 ,
587 545 659 604 ad
685 546 811 603 haec
844 545 1230 604 tantummodo
1258 546 1618 622 significanda
1644 563 1866 631 repente
1885 550 2049 622 exti-x

287 629 486 694 terunt.
526 635 702 711 Magis
722 634 828 693 ista
857 635 1054 694 similia
1081 636 1224 693 mihi
1244 635 1503 695 videntur
1526 637 1765 698 flammae
1785 639 1867 699 illi
1894 660 2023 721 quae

285 720 346 779 in
367 722 512 780 rubo
534 722 795 804 apparuit
821 724 999 804 Moysi
1016 725 1064 798 2,
1089 737 1144 782 et
1166 723 1247 782 illi
1275 723 1552 784 columnae
1578 747 1749 806 quam
1781 728 2024 809 populus

286 810 346 869 in
375 831 556 870 eremo
581 812 946 893 sequebatur-³
963 860 978 885 ,
1014 827 1074 872 et'
1093 813 1407 890 fulguribus
1433 828 1487 873 et
1507 815 1762 874 tonitruis
1782 838 1910 898 quae
1930 818 2020 875 fie-

285 899 425 964 bant
452 922 582 961 cum
610 904 720 962 Lex
756 902 981 962 daretur
1002 904 1061 962 in
1087 902 1326 963 montel&
1373 904 1460 962 Ad
1496 905 1607 963 hoc
1633 905 1776 963 enim
1801 905 2025 971 illarum

274 996 470 1049 *rerum
498 991 801 1072 corporalis
820 993 992 1052 extitit
1014 993 1246 1074 specieS,
1272 1006 1335 1051 ut
1367 992 1577 1074 aliquid
1599 994 1928 1071 significaret
1947 1008 2027 1053 at-

287 1099 395 1158 que
418 1081 742 1159 praeteriret.
1216 1131 1218 1133 .

369 1169 500 1227 XII.
537 1170 775 1249 Propter
795 1169 896 1228 has
921 1190 1048 1246 ergo
1069 1170 1381 1252 corporales
1400 1169 1602 1230 formas
1617 1217 1632 1243 ,
1662 1191 1790 1253 quae
1814 1170 1884 1229 ad
1902 1191 2029 1229 eum

283 1254 738 1332 significandum,
775 1271 829 1316 et
857 1259 1001 1318 sicut
1026 1259 1285 1317 humanis
1314 1260 1561 1318 sensibus
1595 1260 1889 1341 oportebat
1924 1259 2029 1317 de-

284 1346 708 1405 monstrandum
764 1347 1142 1426 temporaliter
1195 1348 1489 1406 extiterunt
1507 1394 1523 1419 ,
1579 1349 1776 1406 missus
1824 1347 2032 1406 dicitur

284 1433 449 1492 etiam
483 1435 724 1516 Spiritus
769 1449 990 1494 sanctus
1021 1459 1035 1494 τ
1080 1458 1194 1494 non
1225 1449 1407 1495 tamen
1439 1438 1620 1495 minor
1657 1438 1820 1495 Patre
1849 1435 2031 1495 dictus

284 1535 399 1593 est,
441 1523 585 1582 sicut
622 1524 791 1583 Filius
819 1538 1051 1605 propter
1088 1524 1323 1594 formam
1359 1526 1500 1585 servi
1512 1548 1528 1600 3
1556 1525 1689 1606 quia
1721 1524 1815 1583 illa
1853 1522 2031 1582 forma

285 1612 423 1671 servi
448 1614 672 1673 inhaesit
693 1615 764 1672 ad
786 1615 1051 1673 unitatem
1073 1636 1324 1696 personae
1342 1661 1358 1686 ,
1382 1614 1496 1674 illae
1523 1636 1652 1674 vero
1682 1615 1886 1697 species
1910 1634 2030 1672 cor-

281 1701 498 1779 porales
532 1704 600 1763 ad
639 1703 1129 1764 demonstrandum
1167 1703 1321 1784 quod
1356 1725 1497 1784 opus
1525 1703 1662 1776 fuit,
1705 1704 1776 1763 ad
1813 1717 2031 1783 tempus

282 1808 661 1869 apparuerunt
682 1841 697 1866 ,
733 1807 787 1852 et
810 1815 921 1852 esse
953 1807 1142 1873 postea
1170 1793 1514 1853 destiterunt.
1545 1795 1662 1851 Cur
1689 1813 1817 1869 ergo
1844 1812 1958 1849 non
1976 1803 2031 1879 et

283 1881 444 1938 Pater
476 1881 683 1941 dicitur
722 1883 918 1940 missus
947 1904 1046 1962 per
1085 1881 1204 1940 illas
1232 1882 1434 1962 species
1461 1881 1774 1962 corporales
1794 1927 1810 1952 ,
1846 1880 2030 1956 ignem

283 1969 444 2040 rubi,
472 1983 525 2028 et
551 1970 866 2029 columnam
896 1970 1064 2028 nubis
1086 1971 1172 2030 vel
1198 1970 1339 2046 ignis
1360 2016 1375 2042 ,
1411 1983 1465 2028 et
1486 1970 1707 2047 fulgura
1726 1971 1783 2028 in
1810 1981 2025 2039 monte,

282 2071 336 2115 et
366 2058 411 2116 si
434 2080 546 2139 qua
579 2060 711 2119 talia
736 2074 873 2119 tunc
903 2072 1319 2141 apparuerunt,
1354 2081 1482 2117 cum
1510 2081 1637 2117 eum
1669 2080 1855 2118 coram
1877 2057 2034 2116 locu-

285 2157 407 2204 tum
441 2149 734 2221 Patribus,
774 2162 909 2207 teste
955 2150 1245 2229 Scriptura
1267 2195 1281 2220 ‚
1319 2147 1615 2206 didicimus
1638 2194 1652 2220 ‚
1692 2148 1736 2206 si
1771 2168 1872 2228 per
1908 2145 2032 2204 illos

283 2249 552 2296 creaturae
571 2238 765 2297 modos
783 2252 838 2296 et
860 2236 1066 2295 formas
1086 2236 1448 2317 corporaliter
1465 2259 1733 2317 expressas
1753 2249 1806 2295 et
1822 2236 2031 2294 buma-

284 2323 369 2381 nis
391 2327 705 2406 aspectibus
721 2339 1078 2407 praesentatas
1096 2326 1214 2406 ipse
1231 2325 1745 2384 demonstrabatur?
1768 2324 1827 2383 Si
1848 2337 2029 2382 autem

288 2412 458 2472 Filius
475 2438 576 2496 per
599 2439 661 2475 ea
684 2416 1196 2489 demonstrabatur,
1219 2437 1319 2473 cur
1338 2428 1491 2474 tanto
1511 2429 1638 2496 post
1667 2415 1872 2474 dicitur
1895 2415 2032 2471 mis—

286 2524 404 2575 5115,
438 2524 568 2563 cum
604 2527 665 2564 ex
692 2505 925 2565 foemina
952 2505 1133 2564 factus
1164 2517 1244 2562 est
1265 2551 1280 2577 ‚
1326 2504 1468 2562 sicut
1515 2503 1809 2585 Apostolus
1841 2502 1977 2560 dicit
2011 2521 2026 2557 ε

286 2617 315 2645 c<
340 2592 485 2652 Cum
524 2607 708 2653 autem
735 2595 886 2655 venit
919 2593 1206 2675 plenitudo
1241 2594 1534 2674 temporiS‚
1575 2592 1722 2650 misit
1754 2595 1901 2648 Deus
1933 2588 2031 2647 Fi·-

282 2683 469 2742 »lium
496 2706 658 2743 suum
684 2685 898 2744 factum
918 2707 980 2743 ex
997 2683 1260 2742 muliere5
1290 2705 1304 2740 ε
1331 2709 1357 2735 »
1381 2680 1833 2763 quandoquidem
1852 2691 1906 2738 et
1926 2700 2032 2737 an·-

286 2786 371 2831 tea
399 2773 728 2854 mittebatur
748 2821 763 2846 ‚
797 2795 924 2833 cum
952 2794 1052 2853 per
1073 2772 1191 2830 illas
1214 2782 1481 2829 creaturae
1513 2768 1806 2827 mutabiles
1827 2767 2031 2847 formas

282 2861 547 2922 Patribus
569 2863 918 2944 apparebat?
946 2870 1055 2920 Aut
1083 2860 1127 2918 si
1156 2881 1267 2917 non
1296 2870 1438 2916 recte
1467 2871 1650 2938 posset
1673 2856 1785 2915 dici
1806 2855 2024 2923 miSSUS‚

277 2952 383 3009 nisi
409 2973 540 3010 cum
576 2953 822 3011 Verbum
855 2972 984 3009 caro
1022 2948 1232 3008 factum
1267 2949 1413 3019 est⁶‚
1448 2969 1550 3006 cur
1591 2947 1783 3004 missus
1819 2944 2024 3003 dicitur

282 3039 520 3120 Spiritus
550 3054 770 3099 sanctus
793 3086 807 3110 ‚
837 3044 996 3115 cujus
1028 3037 1179 3096 nulla
1200 3036 1321 3095 talis
1345 3036 1720 3117 incorporatio
1742 3034 1888 3093 facta
1915 3035 2028 3090 esti)

279 3186 289 3197 ’
337 3173 353 3202 ¹
372 3174 478 3215 Gen.
504 3184 606 3218 xxix,
624 3172 670 3213 6.
693 3193 748 3203 —-
771 3167 937 3210 2Exod.
966 3184 1037 3216 ιιι,
1060 3184 1100 3212 2.
1127 3192 1179 3202 --
1201 3165 1219 3197 3
1250 3168 1312 3209 Id.
1347 3182 1444 3218 xm,
1469 3181 1538 3208 21.
1560 3187 1618 3197 --
1640 3161 1660 3194 ⁴
1680 3163 1950 3213 1d.x1x,16.
1973 3183 2030 3193 -

284 3236 305 3269 5
331 3240 464 3282 Galat.
491 3251 552 3294 xv,
577 3245 617 3285 4.
636 3259 689 3269 —
711 3233 732 3263 ⁶
750 3239 876 3282 Joan.
911 3251 948 3286 1,
972 3242 1042 3282 14.
