2144 3808
368 354 585 395 CONTRA
627 349 958 393 MAXIMINUM
1005 349 1283 402 annuum,
1331 352 1444 394 LIB.
1495 356 1557 395 11.
1731 336 1831 406 141

126 435 484 518 quaestionem
512 433 662 514 quod
689 454 802 491 non
824 433 1109 504 adoretur,
1136 444 1191 489 et
1218 431 1328 491 hoc
1359 434 1548 515 utique
1569 433 1842 495 simillimo

126 546 335 596 errore,
364 545 491 583 cum
515 522 701 604 legatis
722 570 737 595 ‚
770 536 834 581 ut
846 527 960 600 jam
993 543 1156 602 supra
1178 520 1376 594 docui,
1402 545 1432 580 a
1460 525 1660 581 sanctis
1683 525 1844 584 etiam

125 614 373 673 homines
398 611 663 671 adoratos,
703 613 773 670 Et
800 625 979 670 tamen
1019 624 1082 668 ut
1107 609 1374 668 invidiam
1414 610 1849 692 blasphemantis

122 701 321 769 evites;
348 701 423 758 ita
452 698 643 757 laudas
673 698 941 779 Spiritum
967 710 1215 756 sanctum
1236 743 1251 769 ‚
1284 711 1345 755 ut
1371 699 1582 757 tribuas
1609 699 1658 757 ei
1693 699 1846 779 quod

120 809 235 845 non
262 787 435 845 habet
463 786 574 844 ulla
606 800 855 844 creatura
878 833 893 859 ,
920 799 972 844 et
992 785 1247 843 detrahas
1273 785 1321 843 ei
1350 786 1502 866 quod
1523 785 1848 867 adipiscitur

123 888 177 933 et
204 875 446 935 humana
471 887 739 934 creatura.

205 964 389 1022 XXII.
439 981 492 1020 10
525 989 548 1015 α
576 963 780 1021 Dixisse
811 984 897 1020 me
927 961 1074 1043 quod
1109 983 1532 1034 commentora8‚
1563 963 1765 1038 fateor,
1799 979 1854 1025 et

126 1073 274 1110 nune
304 1051 430 1109 dico
462 1074 475 1108 τ
509 1078 535 1104 «
562 1051 728 1123 Quod
763 1050 1016 1110 Salvator
1039 1064 1221 1109 noster
1250 1070 1358 1109 non
1385 1050 1579 1110 dixerit
1607 1076 1621 1111 ε
1657 1055 1729 1113 Ut
1749 1055 1854 1135 ipsi

127 1154 179 1198 et
206 1161 304 1198 nos
343 1161 550 1208 unum;
593 1139 682 1197 sed
713 1162 727 1197 z
769 1167 794 1194 c<
819 1139 892 1196 Ut
928 1139 1036 1219 ipsi
1072 1140 1180 1198 sint
1217 1160 1389 1197 unum
1410 1138 1451 1199 1.
1481 1166 1507 1191 >³
1545 1141 1614 1198 Et
1657 1143 1724 1201 de
1767 1143 1854 1217 his

131 1228 468 1305 Evangelicis
486 1228 665 1287 verbis
684 1229 809 1287 satis
827 1250 856 1285 a
878 1249 965 1286 me
986 1227 1202 1286 recolo
1179 1249 1298 1304 Jam
1320 1226 1483 1286 fuisse
1502 1251 1850 1310 responsum,

130 1338 254 1375 cum
287 1316 621 1375 ostenderem
655 1316 891 1374 refellere
920 1330 970 1374 te
991 1338 1101 1374 non
1129 1316 1372 1396 potuisse
1390 1338 1518 1403 quae
1544 1317 1670 1379 dixi.
1707 1320 1857 1392 Quo-

130 1405 275 1463 niam
305 1405 568 1486 poposci,
602 1417 663 1462 ut
682 1404 952 1484 proferres
976 1404 1075 1461 ubi
1096 1403 1284 1478 legeris
1304 1450 1318 1474 ‚
1355 1425 1527 1462 unum
1554 1420 1713 1477 sunt,
1741 1407 1856 1465 dic-

131 1507 250 1552 tum
279 1515 388 1551 esse
412 1493 480 1550 de
512 1493 788 1572 aliquibus
818 1493 1010 1562 rebUS,
1055 1513 1180 1572 quae
1215 1513 1324 1549 non
1351 1506 1523 1550 essent
1546 1496 1706 1553 unius
1728 1498 1860 1571 ejus-

133 1581 365 1661 demque
420 1580 769 1650 substantiae,
826 1599 1001 1658 neque
1055 1579 1355 1657 protulisti.
1420 1580 1571 1650 Quid
1617 1583 1760 1639 enim
1808 1595 1859 1639 te

133 1669 397 1744 adjuvat.
425 1694 451 1720 (ι
479 1667 644 1738 Quod
679 1666 985 1724 dilectionis
1014 1666 1362 1723 consensione
1392 1666 1622 1726 affirmas
1646 1659 1859 1728 dictum

134 1777 241 1814 esse
270 1755 337 1813 de
360 1753 534 1813 Paulo
561 1768 614 1812 et
647 1752 843 1834 Apollo
863 1798 878 1824 ‚
919 1752 1084 1836 «Qui
1109 1752 1323 1836 plantat
1355 1767 1537 1811 autem
1572 1769 1626 1813 et
1663 1757 1760 1837 qui
1789 1758 1860 1814 ri-

137 1871 163 1898 »
187 1857 308 1921 gat,
332 1865 499 1902 unum
523 1843 683 1901 sunt2
711 1865 725 1900 ι
754 1869 779 1894 »
803 1863 930 1899 cum
951 1862 1039 1898 eos
1056 1862 1166 1899 non
1188 1840 1437 1899 ostendas
1457 1842 1685 1901 diversae
1704 1844 1864 1902 fuisse

138 1932 494 1992 substantiae?
530 1931 708 1989 Ambo
745 1930 955 2010 quippe
985 1929 1234 1987 homines
1272 1943 1443 1989 erant.
1488 1931 1546 1988 Si
1577 1933 1724 1989 enim
1751 1953 1861 1990 non

138 2021 423 2097 diligerent
461 2021 728 2091 invicem,
762 2033 955 2077 natura
989 2040 1162 2076 unum
1191 2031 1396 2089 essent,
1435 2018 1724 2079 dilectione
1752 2043 1864 2080 non

140 2123 311 2167 essent
339 2132 353 2166 t
392 2110 435 2167 si
462 2122 638 2167 autem
661 2129 832 2165 unum
857 2120 1051 2165 natura
1076 2129 1186 2164 non
1208 2109 1377 2164 essent
1400 2154 1414 2178 ‚
1449 2129 1622 2165 unum
1652 2108 1765 2167 dici.
1785 2110 1864 2167 di-

139 2198 369 2256 lectione
396 2219 506 2255 non
533 2209 770 2277 possent.
809 2195 994 2252 Poscit
1015 2195 1334 2269 ergo-Filius
1358 2208 1418 2252 ut
1438 2195 1512 2252 ita
1538 2196 1645 2253 sint
1668 2201 1861 2267 unum,

143 2285 421 2365 quomodo
444 2287 558 2364 ipse
581 2297 634 2342 et
654 2285 815 2342 Pater
836 2304 1005 2341 unum
1029 2296 1149 2355 sunt
1170 2308 1184 2351 3
1213 2282 1269 2340 id
1300 2296 1408 2354 est,
1435 2305 1546 2342 non
1577 2285 1749 2343 solum
1772 2308 1868 2344 na-

144 2388 265 2432 tura
281 2421 294 2445 ,
328 2373 477 2453 quod
500 2377 615 2448 jam
640 2384 794 2430 erant
815 2396 830 2439 3
856 2371 1211 2430 verumetiam
1234 2369 1565 2450 perfectione
1587 2373 1870 2431 charitatis

146 2476 306 2543 atque
331 2461 592 2538 justitiae,
628 2481 731 2541 pro
759 2481 872 2518 suae
902 2460 1208 2540 capacitate
1233 2472 1447 2517 naturae
1469 2506 1483 2531 ‚
1515 2474 1782 2540 quantum
1811 2463 1869 2520 in

145 2552 440 2626 Deiuregno
487 2570 594 2606 esse
632 2548 913 2628 potuerint
949 2569 962 2604 ε
1008 2560 1068 2605 ut
1107 2548 1270 2604 etiam
1305 2547 1411 2626 ipsi
1447 2568 1655 2605 summe
1696 2571 1870 2607 unum

147 2639 254 2697 sint
271 2638 328 2696 in
351 2651 546 2695 natura
569 2658 664 2694 sua
685 2682 700 2707 ,
730 2634 1195 2716 quemadmodum
1219 2636 1381 2714 Pater
1402 2647 1454 2692 et
1480 2635 1644 2693 Filius
1664 2658 1873 2695 summe

150 2748 321 2785 unum
344 2738 502 2797 sunt,
535 2721 785 2805 quamvis
810 2725 866 2782 in
888 2723 1259 2781 excellentiore
1282 2735 1442 2802 atque
1466 2722 1874 2803 incomparabi-

150 2815 272 2873 liter
299 2813 518 2871 meliore
544 2826 738 2871 natura
767 2834 880 2872 sua.
921 2812 1068 2869 Dixit
1113 2832 1238 2886 ergo
1283 2809 1353 2867 ad
1398 2811 1615 2867 Patrem
1656 2811 1867 2869 Filius:

153 2931 178 2956 «
205 2904 366 2960 Pater
384 2914 588 2970 sancte,
608 2922 757 2959 serva
775 2914 863 2959 e'os
886 2900 944 2957 in
962 2900 1181 2956 nomine
1198 2911 1315 2968 ιιιο,
1334 2893 1471 2977 quos
1492 2897 1690 2955 dedisti
1710 2900 1871 2971 mihi,

155 3017 182 3045 >³
206 3003 268 3048 ut
291 2989 398 3047 sint
423 3008 591 3045 unum
613 3033 627 3058 ‚
656 2988 796 3046 sicut
817 3000 870 3045 et
890 2986 1038 3046 nos·⁹’.
1075 3013 1100 3039 »
1128 2987 1252 3043 Non
1274 2984 1408 3043 dixit
1437 3007 1452 3043 t
1479 2986 1553 3043 Ut
1575 2986 1683 3044 sint
1705 3008 1876 3045 unum

156 3078 442 3137 nobiscum
467 3100 482 3143 ;
514 3087 607 3133 aut
633 3121 647 3146 ,
677 3075 751 3132 Ut
778 3074 944 3133 simus
969 3094 1142 3132 unum
1177 3072 1284 3154 ipsi
1311 3086 1365 3131 et
1392 3094 1508 3132 nos,
1543 3075 1681 3132 Item
1709 3075 1877 3155 paulo

156 3180 284 3248 post
309 3188 324 3224 z
357 3192 384 3219 <‹
408 3166 535 3225 Non
565 3184 668 3244 pro
700 3162 789 3221 his
813 3176 994 3222 autem
1021 3183 1154 3239 rogo
1182 3175 1399 3221 tantum
1420 3208 1436 3233 ,
1470 3162 1563 3221 sed
1586 3168 1640 3221 et
1673 3185 1775 3244 pro
1804 3165 1879 3221 eis

220 3271 235 3298 ¹
259 3272 380 3311 Joan.
400 3281 503 3320 xvix,
527 3280 665 3307 11.—
680 3263 701 3293 2
722 3279 740 3306 1
762 3267 855 3308 Cor.
884 3279 953 3315 ιιι,
982 3268 1022 3306 8.
1041 3287 1096 3298 -
1117 3262 1136 3295 ³
1156 3268 1278 3308 Joan.
1300 3279 1400 3316 xva,
1428 3280 1445 3304 1
1460 3279 1494 3307 1.
