2144 3808
659 304 728 342 ΒΕ
771 301 1089 353 ΤΜΝΙΤΑΤΕ,
1138 303 1247 340 Lm.
1298 304 1336 342 1.
1450 350 1451 353 Ἴ
1741 285 1848 366 187

134 398 243 444 tem
271 387 473 468 quibus
509 399 820 465 temporum
848 382 1136 463 particulis
1163 373 1385 463 possum
1412 407 1427 452 ;
1455 397 1509 442 et
1533 385 1851 445 meditatio-
1877 451 1880 453 ,

134 495 226 531 nes
253 495 396 531 meas
414 520 429 544 ,
469 494 536 530 ne
566 471 840 530 oblivione
862 470 1074 546 fugiant
1095 517 1110 541 ,
1140 470 1280 550 stylo
1306 470 1470 547 alligo
1502 493 1516 528 ε
1545 494 1763 552 sperans
1782 473 1852 532 de

135 560 503 627 misericordia
536 560 670 631 Dei,
696 558 845 639 quod
871 559 927 617 in
949 558 1205 618 omnibus
1229 558 1368 618 veris
1395 579 1522 638 quae
1546 573 1694 617 certa
1714 561 1856 620 mihi

134 661 281 720 sunt,
296 661 729 728 perseverantem
749 668 832 704 me
854 645 1051 716 faciet3
1078 646 1122 704 si
1137 645 1277 727 quid
1298 659 1481 704 autem
1501 646 1656 705 aliter
1676 648 1851 729 sapi-o,

133 734 192 793 id
215 733 434 816 quoque
454 736 592 794 mihi
620 737 735 816 ipse
757 734 1057 804 revelabit,
1084 734 1194 793 sive
1223 754 1325 814 per
1352 733 1594 792 occultas
1613 734 1857 815 inspira-

140 823 307 880 tiones
332 836 493 902 atque
514 822 933 892 admonitioneS,
954 822 1064 881 sive
1078 843 1177 901 per
1199 821 1484 880 manifesta
1501 821 1718 902 eloquia
1733 844 1853 895 sua,

135 911 244 969 sive
282 933 378 992 per
411 911 673 970 fraternas
695 911 1187 970 sermocinationes,
1217 911 1339 969 Hoc
1367 913 1462 970 oro
1485 957 1502 983 ,
1528 923 1582 969 et
1610 910 1722 969 hoc
1754 910 1858 969 de-

132 1000 371 1079 positum
394 999 834 1080 desideriumque
863 1021 1047 1058 meum
1084 1021 1248 1080 penes
1274 1000 1476 1080 ipsum
1500 999 1684 1058 habeo
1708 1045 1723 1070 ,
1757 999 1857 1080 qui

132 1086 272 1146 mihi
299 1087 426 1146 satis
447 1087 674 1147 idoneus
697 1101 776 1147 est
799 1100 853 1146 et
875 1086 1152 1146 custodire
1170 1109 1303 1169 quae
1325 1087 1480 1148 dedit
1495 1134 1510 1160 ,
1538 1101 1594 1146 et
1633 1087 1858 1147 reddere

132 1196 258 1256 quae
281 1177 551 1256 promisit.

215 1263 309 1324 VI.
346 1265 604 1323 Arbitror
631 1286 757 1323 sane
784 1264 1078 1323 nonnullos
1119 1264 1405 1337 tardiores,
1435 1265 1495 1324 in
1523 1263 1857 1346 quibusdam

127 1350 265 1410 ⁴locis
293 1352 563 1411 librorum
591 1375 836 1411 meorum
860 1354 1179 1433 opinaturos
1215 1374 1302 1411 me
1325 1353 1544 1412 sensisse
1565 1353 1716 1434 quod
1744 1374 1855 1412 non

129 1442 290 1511 sensi,
324 1454 417 1504 aut
438 1464 547 1500 non
564 1442 781 1500 sensisse
801 1442 951 1522 quod
976 1442 1130 1501 sensi.
1170 1444 1422 1515 Quorum
1447 1463 1685 1501 errorem
1711 1441 1855 1500 mihi

45 1556 51 1559 ⁷
130 1528 303 1587 tribni
328 1551 440 1588 non
471 1530 668 1588 debere
689 1531 810 1609 quis
833 1531 1060 1602 nesciat,
1084 1531 1128 1588 si
1157 1531 1309 1589 velut
1338 1552 1426 1589 me
1453 1544 1731 1612 sequentes
1754 1551 1857 1588 ne·-

127 1638 236 1697 que
272 1619 744 1699 apprehendentes
772 1619 1109 1679 deviaverint
1147 1619 1206 1677 in
1254 1619 1492 1700 aliquam
1512 1618 1853 1690 ‚falsitatem,

129 1703 264 1764 dum
291 1728 456 1782 cogor
490 1729 590 1787 per
618 1707 874 1787 quaedam
916 1706 1080 1765 densa
1109 1720 1163 1765 et
1207 1703 1382 1787 opaca
1424 1708 1577 1767 viam·
1599 1727 1855 1787 carpere3

126 1794 575 1875 quandoquidem
596 1817 696 1853 nec
715 1795 848 1876 ipsis
861 1796 1059 1853 sanctis
1080 1795 1395 1854 divinorum
1408 1795 1711 1854 Librorum
1724 1814 1853 1852 auc·-

127 1882 439 1942 toritatibus
464 1876 764 1942 ullomodo
792 1885 1084 1965 quisquam
1111 1898 1255 1943 recte
1274 1883 1533 1943 tribuerit
1550 1897 1663 1942 tam
1702 1882 1855 1943 mul-

128 1983 211 2028 tos
228 1985 282 2029 et
313 1973 492 2031 varios
519 1994 724 2031 errores
749 1973 1173 2046 haereticorun13
1205 1994 1334 2031 cum
1362 1993 1630 2048 omnesvex
1653 1970 1855 2029 eisdem

131 2059 433 2140 Scripturis
458 2060 619 2119 falsas
635 2075 798 2141 atque
842 2061 1059 2119 fallaces
1093 2060 1378 2141 opiniones
1418 2081 1541 2119 suas
1586 2072 1857 2118 conentur

128 2146 454 2208 defendere?
481 2149 752 2208 Admonet
792 2171 878 2208 me
904 2149 1070 2230 plane
1101 2171 1164 2207 ac
1192 2148 1510 2226 mihi'jubet
1537 2147 1852 2223 suavissimo

126 2235 359 2315 imperio
382 2236 463 2294 lex
485 2237 722 2308 Christi,
743 2237 854 2295 hoc
868 2249 964 2307 est,
989 2237 1248 2308 charitaS,
1270 2250 1333 2295 ut
1353 2258 1481 2296 cum
1506 2235 1718 2317 aliquid
1735 2234 1859 2302 falsi

125 2322 185 2380 in
211 2323 368 2382 libris
391 2325 522 2382 meis
545 2346 631 2383 me
659 2326 877 2383 sensisse
902 2325 1153 2383 homines
1183 2338 1386 2405 putant
1409 2323 1562 2406 quod
1582 2345 1708 2401 ergo
1737 2345 1851 2382 non

128 2411 285 2482 sensi,
313 2424 476 2493 atque
504 2412 743 2492 idipsum
767 2412 965 2471 falsum
991 2413 1143 2472 alteri
1165 2413 1439 2494 displicet,
1471 2413 1627 2473 alteri
1641 2412 1845 2493 placet,

126 2499 315 2558 malim
338 2522 426 2558 me
452 2501 780 2581 reprehendi
806 2524 836 2559 a
863 2502 1253 2582 reprehensore
1279 2502 1526 2563 falsitatis
1549 2548 1567 2574 ,
1592 2521 1760 2582 quam
1781 2500 1852 2558 ab

126 2591 241 2663 ejus
276 2589 557 2649 laudatore
587 2589 819 2649 laudari.
866 2591 954 2649 Ab
988 2590 1083 2648 illo
1115 2591 1260 2649 enim
1297 2590 1548 2671 quamvis
1602 2595 1702 2666 ego
1731 2598 1846 2646 non

129 2689 274 2734 recte
300 2678 397 2757 qui
414 2677 523 2735 hoc
539 2699 648 2735 non
670 2678 946 2749 senserim,
973 2699 1122 2736 error
1139 2691 1321 2737 tamen
1342 2679 1459 2759 ipse
1472 2691 1617 2737 recte
1637 2678 1852 2757 vitupe-

127 2778 311 2823 ratur:
346 2766 416 2823 ab
440 2767 551 2834 hoc
567 2780 747 2826 autem
769 2789 869 2826 nec
893 2788 990 2844 ego
1012 2780 1157 2826 recte
1181 2767 1379 2827 laudor
1399 2790 1429 2826 a
1447 2779 1559 2848 quo
1582 2766 1855 2825 existimor

127 2853 186 2912 id
214 2853 430 2912 sensisse
446 2854 597 2934 quod
616 2855 893 2935 vituperat
915 2855 1132 2927 veritaS,
1157 2877 1256 2913 nec
1268 2855 1385 2935 ipsa
1410 2854 1672 2914 sententia
1685 2864 1856 2934 quam
1873 2924 1887 2937 Χ

127 2942 404 3023 vituperat
442 2943 654 3002 veritas.
709 2945 853 3022 Ergo
894 2945 954 3003 in
978 2944 1221 3003 ‘nomine
1269 2943 1495 3003 Domini
1541 2954 1855 3024 susceptum

119 3050 268 3111 -opus
300 3029 692 3106 aggrediamur.
760 3082 764 3087 .
1342 3098 1348 3102 ⁵

119 3174 129 3179 c
209 3118 336 3178 Vll.
367 3119 576 3188 Omnes
595 3138 733 3198 quos
762 3117 1126 3200 legerepotui,
1159 3119 1256 3202 qui
1276 3132 1400 3179 ante
1417 3140 1504 3179 me
1519 3118 1853 3201 scripserunt

131 3204 200 3266 de
219 3205 509 3279 Trinitate,
537 3226 664 3288 quae
683 3209 832 3266 Deus
843 3219 942 3280 est,
967 3207 1279 3270 divinorum
1290 3208 1593 3273 Librorum
1608 3219 1854 3277 yetssrum
1889 3243 1893 3250 ·
