2144 3808
588 341 655 380 DE
700 339 1023 392 Tmm‘rATE,
1070 339 1180 379 Lm.
1234 340 1334 380 v11.
1709 326 1827 386 385

99 422 173 481 ita
196 422 412 481 dicatur
433 421 572 480 sicut
598 421 800 480 dicitur
824 421 1016 493 homo,
1049 420 1199 501 quod
1224 443 1515 481 commune
1534 439 1613 484 est
1644 428 1828 486 omni-

100 512 206 570 bus
246 511 596 582 hominibuS,
641 510 734 568 sed
771 510 1050 591 quomodo
1079 510 1286 571 dicitur
1312 511 1408 570 hic
1439 512 1637 585 homo,
1681 516 1831 575 velut

78 617 81 620 ’
105 601 386 660 Abraham
403 647 417 672 ‚
445 599 596 660 velut
623 602 795 673 Isaac,
827 601 978 660 velut
1002 600 1202 680 Jac‘ob,
1235 600 1547 683 vel‘si·quis
1568 602 1706 662 alius
1733 607 1835 685 qui

104 690 265 749 etiam
285 689 456 765 digito
480 710 726 770 praesens
737 689 1094 748 demonstrari
1114 690 1287 770 possit
1314 712 1329 747 :
1362 690 1441 749 sic
1464 713 1684 774 quoque
1713 692 1836 750 illos

104 777 288 836 eadem
320 778 456 835 ratio
481 790 856 858 consequetur.
888 778 1044 836 Sicut
1066 777 1210 836 enim
1234 777 1498 837 dicuntur
1522 779 1831 853 Abraham,

106 867 258 924 Isaac
301 879 355 924 et
389 866 565 923 Jacob
595 866 697 922 tria
731 864 1022 924 individua
1041 912 1057 937 ,
1090 866 1168 923 ita
1191 878 1299 924 tres
1326 866 1576 926 homines
1594 913 1608 939 ‚
1654 881 1708 926 et
1735 880 1840 926 tres

108 955 322 1013 animae.
354 944 471 1013 Cu'r
493 975 620 1030 ergo
642 966 695 1011 et
718 954 881 1011 Pater
903 966 957 1011 et
980 953 1150 1012 Filius
1178 967 1231 1011 et
1257 954 1497 1034 Spiritus
1527 968 1769 1029 sanctus,
1798 955 1847 1013 si

107 1041 407 1100 secundum
441 1064 605 1119 genus
628 1056 681 1100 et
705 1042 941 1123 speciem
973 1057 1027 1101 et
1049 1043 1402 1102 individuum
1419 1044 1581 1102 etiam
1604 1044 1707 1103 ista
1733 1045 1844 1104 dis-

108 1130 334 1189 serimus
354 1177 369 1202 ,
405 1132 611 1189 nonita
648 1130 914 1201 dicuntur
940 1143 1047 1188 tres
1074 1132 1338 1205 essentiae,
1369 1145 1431 1190 ut
1460 1146 1563 1191 tres
1583 1133 1846 1192 substan-

109 1218 202 1277 tiae
236 1240 328 1277 seu
355 1223 645 1300 personae?
675 1218 783 1278 Sed
811 1219 922 1277 hoc
943 1266 958 1290 ‚
988 1232 1049 1277 ut
1072 1219 1222 1292 dixi,
1259 1221 1452 1279 omitto
1483 1215 1671 1280 {illud
1694 1221 1844 1296 dico,

110 1307 155 1365 si
180 1308 402 1366 essentia
428 1330 595 1384 genus
608 1321 718 1379 est,
755 1329 865 1365 una
891 1309 1120 1366 essentia
1140 1313 1258 1384 jam
1281 1331 1391 1368 non
1413 1310 1585 1368 habet
1608 1311 1846 1390 species;

111 1394 252 1453 sicut
273 1397 404 1476 quia
429 1418 596 1472 genus
616 1410 694 1454 est
716 1395 939 1468 animal,
966 1418 1140 1455 unum
1170 1398 1372 1456 animal
1393 1403 1512 1474 jam
1540 1419 1652 1456 non
1677 1398 1850 1457 habet

112 1485 331 1565 species
376 1487 500 1544 Non
534 1499 819 1562 suntsergo
846 1498 952 1544 tres
977 1487 1180 1566 species
1205 1487 1366 1545 unius
1390 1487 1654 1559 essentiae,
1675 1489 1852 1547 -Pater

114 1585 167 1630 et
188 1572 355 1631 Filius
372 1587 424 1631 et
443 1574 682 1654 Spiritus
703 1587 940 1633 sanctus,
977 1575 1036 1632 Si
1059 1589 1241 1634 autem
1269 1576 1474 1656 species
1500 1589 1580 1635 est
1599 1577 1849 1651 essentia,

115 1661 256 1719 sicut
283 1662 486 1742 species
524 1676 603 1721 est
638 1663 807 1720 homo
826 1709 842 1735 ,
881 1675 987 1721 tres
1031 1670 1158 1724 vero
1197 1664 1308 1724 illae
1347 1686 1481 1747 quas
1511 1664 1856 1747 appellamus

116 1751 447 1810 substantias
470 1754 582 1812 sive
610 1773 868 1833 personas
890 1799 905 1824 ,
938 1753 1017 1811 sic
1053 1753 1298 1812 eamdem
1329 1754 1566 1836 speciem
1598 1775 1855 1814 commu-

111 1839 252 1898 niter
275 1840 486 1900 habent
506 1888 521 1912 ,
554 1840 1024 1922 quemadmodum
1050 1842 1334 1901 Abraham
1357 1890 1372 1915 ,
1405 1845 1558 1901 Isaac
1585 1855 1655 1901 et-
1675 1843 1853 1902 Jacob

111 1928 347 2009 speciem
374 1951 501 2010 quae
523 1931 693 1988 homo
718 1929 946 2001 dicitur,
979 1931 1345 1990 communiter
1377 1931 1613 2004 habent,
1639 1953 1752 1990 non
1776 1931 1855 1990 si-

113 2029 208 2074 cut
242 2016 412 2076 homo
446 2018 824 2077 subdividitur
858 2018 917 2076 in
947 2018 1256 2091 Abraham,
1286 2021 1437 2078 Isaac
1459 2033 1514 2077 et
1544 2020 1743 2092 Jacob,
1775 2020 1853 2079 ita

50 2103 52 2105 ’
113 2125 253 2164 unus
277 2106 447 2164 homo
474 2121 528 2165 et
555 2107 615 2165 in
647 2107 856 2188 aliquos
886 2107 1126 2183 singulos
1150 2108 1401 2166 homines
1429 2107 1712 2168 subdividi
1737 2131 1850 2190 po·-

114 2207 248 2263 test3
275 2195 498 2254 omnino
528 2197 671 2254 enim
700 2218 813 2254 non
831 2209 1045 2276 potest,
1080 2196 1209 2276 quia
1240 2216 1380 2255 unus
1407 2197 1577 2255 homo
1598 2201 1716 2273 jam
1737 2198 1849 2256 sin-

114 2282 272 2358 gulus
295 2284 463 2342 homo
486 2298 582 2344 est.
618 2285 732 2342 Cur
755 2306 880 2360 ergo
907 2305 1027 2354 una,
1039 2285 1265 2344 essentia
1279 2286 1338 2343 in
1357 2299 1462 2344 tres
1489 2286 1843 2359 substantiaS,
1919 2355 1921 2357 ,

114 2372 198 2430 vel
228 2394 480 2451 personas
509 2372 901 2433 subdividitur.
942 2373 1085 2431 Nam
1115 2374 1160 2431 si
1187 2375 1412 2432 essentia
1439 2373 1644 2455 species
1674 2388 1753 2433 est
1779 2375 1849 2433 si-

115 2474 211 2518 cut
237 2461 430 2532 hom0,
457 2462 533 2519 sic
560 2475 638 2519 est
663 2483 769 2519 una
793 2462 1018 2520 essentia
1039 2462 1180 2520 sicut
1206 2483 1346 2520 unus
1371 2463 1540 2520 homo
1565 2484 1579 2519 :
1606 2484 1676 2520 an
1706 2464 1848 2522 sicut

28 2540 35 2546 ’
114 2548 349 2608 dicimus
366 2550 573 2630 aliquos
595 2563 700 2608 tres
716 2550 965 2608 homines
981 2550 1221 2626 ejusdem
1237 2572 1409 2621 sexuS,
1436 2550 1675 2626 ejusdem
1700 2564 1846 2610 tem-

114 2638 406 2718 perationis
435 2639 680 2719 corporis
703 2686 717 2712 ,
747 2638 1098 2719 ejusdemque
1128 2639 1316 2716 animi,
1348 2659 1518 2696 unam
1546 2660 1654 2698 esse
1674 2654 1846 2700 natu-

115 2748 262 2797 ram,
299 2740 403 2784 tres
424 2727 567 2784 enim
592 2740 719 2786 sunt
745 2727 1017 2799 homineS‚
1046 2726 1137 2785 sed
1171 2748 1280 2785 una
1310 2740 1507 2809 natura
1537 2728 1657 2786 :sic
1680 2728 1847 2788 etiam

114 2815 194 2872 ibi
217 2814 451 2879 dicimus
471 2828 576 2874 tres
599 2817 931 2875 substantias
952 2838 1118 2874 unam
1139 2817 1447 2888 essentiam,
1482 2829 1577 2874 aut
1591 2830 1698 2875 tres
1715 2839 1850 2898 per-

116 2925 272 2961 sonas
289 2925 453 2962 unam
478 2905 838 2964 substantiam
868 2904 955 2963 vel
976 2906 1295 2963 essentiam?
1324 2906 1448 2963 Hoc
1473 2926 1601 2965 vero
1630 2919 1848 2966 utcum-

117 3013 222 3072 que
259 2992 432 3050 simile
466 3006 580 3061 est,
612 2994 743 3074 quia
786 3008 838 3052 et
875 3005 1078 3052 veteres
1114 2994 1212 3073 qui
1251 2994 1445 3052 Latine
1479 2993 1651 3052 locuti
1694 3009 1844 3068 sunt,

118 3095 407 3162 antequam
446 3081 714 3140 haberent
753 3083 854 3140 ista
881 3083 1123 3154 nomina,
1166 3103 1292 3163 quae
1319 3104 1431 3141 non
1459 3081 1556 3142 diu
1585 3096 1664 3142 est
1691 3098 1753 3142 ut
1793 3085 1852 3143 in

119 3191 277 3228 usum
304 3182 591 3241 venerunt,
622 3171 679 3229 id
703 3185 781 3229 est
809 3171 1090 3230 essentiam
1117 3172 1203 3231 vel
1224 3172 1606 3243 substantiam,
1639 3195 1743 3253 pro
1765 3173 1858 3232 his

117 3272 371 3318 naturam
396 3258 672 3318 dicebant.
707 3262 830 3318 Non
845 3259 1029 3339 itaque
1058 3260 1359 3319 secundum
1380 3282 1548 3336 genus
1578 3274 1633 3319 et
1651 3262 1856 3341 species

326 3368 576 3408 cxxxvii.
1589 3351 1663 3408 25
1695 3402 1697 3406 .
