2144 3808
561 353 633 394 DE
675 351 993 404 numum,
1042 354 1148 392 mn.
1202 356 1303 394 x11.
1682 341 1795 412 481

86 457 115 485 >³
141 432 218 491 cit
245 435 388 492 Deus
408 434 719 508 hominem,
751 435 819 493 ad
857 435 1146 511 imaginem
1177 438 1280 494 Dei
1307 437 1437 496 fecit
1461 460 1584 498 eum
1604 487 1620 513 ,
1656 463 1805 500 mas-

88 547 114 573 »
136 521 320 579 culum
357 536 408 580 et
445 522 728 582 foeminam
761 523 889 583 fecit
921 543 1010 581 eos
1032 571 1046 595 ,
1091 538 1147 581 et
1187 524 1463 585 benedixit
1488 527 1626 589 eosl.
1659 556 1686 582 »
1716 530 1803 588 Ad

85 608 373 684 imaginem
412 610 511 668 Dei
551 611 763 692 quippe
791 623 1039 669 naturam
1075 612 1250 690 ipsam
1279 613 1579 674 humanam
1602 616 1804 675 factam

86 695 258 769 dicit,
289 719 416 779 quae
450 721 574 757 sexu
600 712 830 779 utroque
852 698 1191 779 completur,
1233 723 1333 759 nec
1358 703 1428 760 ab
1459 703 1806 779 intelligenda

84 784 318 861 imagine
358 787 480 844 Dei·
505 800 718 867 separat
757 787 1062 846 foeminam.
1109 788 1274 844 Dicto
1312 791 1455 847 enim
1495 791 1647 870 quod
1679 791 1810 849 fecit

87 873 232 931 Deus
267 873 547 931 hominem
574 874 644 932 ad
676 875 967 950 imaginem
1000 875 1142 946 Dei,
1178 901 1204 927 c<
1227 876 1376 933 Fecit
1403 899 1525 934 eum
1546 923 1559 948 ,
1591 879 1804 958 inquit,

88 961 438 1019 »masculum
470 975 522 1019 et
557 961 839 1021 foeminam
869 1010 883 1034 ,
931 990 958 1016 >›
1001 963 1083 1021 vel
1129 977 1274 1022 certe
1314 964 1416 1023 alia
1461 965 1806 1024 distinctione

87 1075 113 1101 <‹
139 1049 443 1107 Masculum
468 1063 520 1108 et
548 1049 833 1108 foeminam
861 1051 990 1108 fecit
1017 1073 1128 1110 eos,
1165 1078 1191 1104 >2
1228 1051 1521 1122 Quomodo
1555 1075 1679 1129 ergo
1712 1074 1813 1133 per

88 1137 412 1216 Apostolum
452 1137 759 1196 audivimus
797 1139 976 1197 virum
1019 1160 1126 1196 esse
1171 1139 1460 1213 imaginem
1492 1141 1624 1210 Dei,
1667 1140 1810 1197 unde

87 1237 254 1304 caput
289 1225 466 1282 velare
499 1226 863 1306 prohibetur,
907 1225 1189 1283 mulierem
1229 1239 1412 1283 autem
1439 1249 1580 1298 non,
1611 1239 1664 1284 et
1693 1227 1815 1285 ideo

87 1311 205 1392 ipsa
226 1312 334 1370 hoc
353 1311 839 1388 facerejubetur2?
858 1314 983 1385 nisi,
1001 1313 1187 1382 cred0,
1214 1313 1353 1370 illud
1373 1307 1523 1393 quod
1543 1319 1657 1390 jam
1679 1315 1811 1386 dixi,

60 1415 63 1417 ’
89 1421 217 1458 cum
242 1400 310 1458 de
336 1415 528 1460 natura
554 1403 814 1460 humanae
848 1403 1043 1460 mentis
1081 1423 1289 1477 agerem
1315 1449 1329 1472 ,
1359 1402 1646 1460 mulierem
1681 1424 1811 1460 cum

87 1488 207 1547 viro
243 1509 340 1546 suo
383 1510 491 1547 esse
533 1490 827 1565 imaginem
857 1490 987 1558 Dei,
1023 1503 1085 1547 ut
1112 1510 1220 1546 una
1258 1489 1438 1564 imago
1477 1490 1546 1547 sit
1574 1503 1685 1548 tota
1722 1490 1817 1547 illa

90 1577 390 1635 substantia
416 1599 429 1634 ε
459 1598 582 1635 cum
612 1590 788 1634 autem
817 1577 883 1634 ad
909 1577 1244 1652 adjutorium
1267 1576 1644 1650 distribuitur,
1668 1577 1821 1658 quod

93 1663 160 1721 ad
180 1685 298 1721 eam
319 1665 495 1744 ipsam
522 1664 689 1722 solam
720 1667 941 1734 attinet,
969 1687 1076 1722 non
1099 1677 1176 1721 est
1194 1665 1372 1739 imago
1388 1665 1526 1734 Dei3
1552 1665 1703 1745 quod
1727 1685 1820 1723 au-

90 1765 198 1809 tem
221 1751 290 1810 ad
316 1753 495 1811 virum
525 1751 699 1809 solum
735 1752 965 1822 attinet,
1003 1753 1180 1826 imago
1218 1752 1316 1808 Dei
1345 1765 1423 1808 est
1444 1799 1459 1823 ,
1506 1765 1620 1809 tam
1652 1752 1815 1831 plena

93 1852 256 1919 atque
283 1840 488 1915 integra
509 1885 523 1910 ,
556 1860 723 1918 quam
745 1839 803 1896 in
843 1860 1015 1896 unum
1052 1843 1353 1913 conjuncta
1388 1839 1626 1898 muliere.
1661 1840 1816 1896 Sicut

94 1926 162 1986 de
190 1940 382 1985 natura
410 1926 669 1984 humanae
710 1926 905 1983 mentis
933 1925 1196 1995 diximrm,
1225 1926 1353 2004 quia
1381 1939 1434 1983 et
1465 1926 1649 1982 sitota
1678 1947 1818 1983 con-

94 2014 389 2094 templetur
410 2013 718 2084 veritatem,
747 2012 928 2087 imago
960 2013 1059 2069 Dei
1088 2025 1200 2079 est;
1230 2025 1283 2068 et
1310 2033 1435 2070 cum
1462 2034 1523 2070 ex
1549 2035 1608 2070 ea
1637 2012 1817 2069 distri-

95 2101 286 2159 buitur
308 2099 514 2181 aliquid
532 2147 547 2172 ,
583 2113 635 2158 et
662 2099 900 2179 quadam
923 2099 1221 2156 intentione
1246 2098 1527 2156 derivatur
1554 2099 1624 2156 ad
1651 2099 1815 2156 actio-

96 2211 220 2248 nem
277 2211 460 2248 rerum
516 2188 904 2268 temporalium
933 2233 949 2259 ,
1004 2187 1365 2244 nihilominus
1408 2208 1468 2244 ex
1511 2208 1619 2266 qua
1659 2198 1816 2268 parte

98 2290 445 2357 conspectam
486 2276 721 2334 consulit
760 2274 1075 2344 veritatem,
1115 2273 1294 2349 imago
1326 2274 1430 2331 Dei
1456 2287 1566 2342 est;
1611 2295 1671 2332 ex
1701 2293 1813 2352 qua

97 2386 225 2423 vero
247 2363 549 2422 intenditur
585 2364 642 2421 in
672 2362 876 2439 agenda
913 2362 1168 2420 inferiora
1190 2409 1203 2433 ,
1245 2383 1355 2420 non
1390 2374 1468 2420 est
1486 2362 1666 2438 imago
1686 2361 1807 2420 Dei.

100 2455 172 2512 Et
203 2453 467 2534 quoniam
506 2465 1012 2532 quantumcumque
1046 2471 1099 2507 se
1137 2450 1440 2508 extenderit
1469 2451 1528 2509 in
1568 2451 1627 2508 id
1665 2448 1816 2531 quod

101 2553 366 2619 aeternum
404 2552 512 2611 est,
555 2553 708 2597 tanto
737 2539 905 2614 magis
945 2537 1072 2595 inde
1110 2537 1376 2595 formatur
1417 2537 1487 2597 ad
1525 2539 1817 2613 imaginem

68 2664 72 2667 -
101 2628 204 2686 Dei
225 2675 239 2699 ‚
266 2642 319 2686 et
339 2641 624 2708 propterea
644 2649 756 2685 non
774 2641 852 2684 est
875 2624 1187 2683 cohibenda
1208 2672 1222 2694 ,
1251 2637 1310 2683 ut
1330 2647 1382 2683 se
1398 2625 1525 2684 inde
1545 2625 1821 2684 contineat

104 2736 167 2773 ac
196 2728 488 2794 temperet3
515 2714 637 2772 ideo
660 2716 745 2773 vir
766 2735 877 2771 non
905 2713 1067 2770 debet
1091 2713 1268 2771 velare
1288 2725 1475 2791 caput.
1521 2713 1666 2785 Quia
1690 2730 1818 2770 vero

103 2801 183 2860 illi
204 2801 455 2860 rationali
485 2802 688 2860 actioni
711 2822 838 2882 quae
858 2801 915 2858 in
939 2799 1103 2858 rebus
1133 2799 1510 2879 corporalibus
1538 2812 1819 2879 tempora-

104 2888 358 2968 libusque
381 2902 654 2960 versatur,
689 2887 996 2968 periculosa
1023 2899 1101 2944 est
1128 2887 1296 2944 nimia
1319 2887 1377 2943 in
1406 2886 1661 2945 inferiora
1687 2907 1824 2968 pro·-

107 2977 341 3053 gressi03
371 2976 535 3034 debet
565 2977 770 3034 habere
798 2987 1120 3055 potestatem
1148 2987 1531 3055 supercaput,
1564 2974 1714 3055 quod
1733 2974 1824 3031 in-

80 3114 82 3116 *
108 3065 254 3122 dicat
282 3063 645 3123 velamentum
665 3083 775 3143 quo
801 3062 1140 3138 significatur
1162 3083 1271 3120 esse
1292 3062 1625 3122 cohibenda.
1655 3063 1827 3120 Grata

106 3166 184 3211 est
212 3154 357 3210 enim
388 3151 586 3209 sanctis
610 3149 826 3225 Angelis
865 3162 1072 3209 sacrata
1096 3162 1150 3207 et
1176 3150 1270 3230 pia
1303 3149 1649 3225 significatio,
1686 3149 1828 3208 Nam

170 3255 182 3283 ¹
217 3258 318 3295 Gen.
338 3268 367 3301 ι,
401 3268 473 3303 27.
500 3275 555 3284 -
576 3251 596 3281 ²
624 3267 648 3306 1⁴
663 3254 754 3294 Cor.
775 3265 890 3306 x1,7.

274 3338 525 3378 cxxxvn.
1598 3320 1667 3377 31
