2144 3808
574 333 576 336 ’
641 346 711 382 DE
754 341 1076 394 mmmmm,
1125 344 1236 381 Lm.
1288 344 1376 382 111.
1760 345 1872 406 277

155 431 225 488 ab
245 429 339 488 illo
362 430 571 488 viribus
590 439 644 484 et
665 424 1022 483 facultatibus
1048 423 1287 504 aliquam
1312 425 1682 503 operationem
1708 424 1878 483 forin-

149 539 302 577 secus
327 517 614 575 admovere
632 561 646 583 ,
681 526 742 570 ut
767 527 900 570 tunc
923 512 1010 570 vel
1037 525 1170 569 tunc
1189 558 1203 582 ,
1233 511 1310 568 sic
1334 511 1422 569 vel
1441 512 1520 569 sic
1543 525 1691 568 exeat
1723 512 1875 591 quod

150 618 383 664 creatur.
415 606 523 662 Ista
547 596 756 682 quippe
773 599 1107 675 originaliter
1129 620 1191 656 ac
1212 597 1641 678 primordialiter
1660 599 1717 655 in
1736 620 1879 678 qua-

150 692 279 751 dam
309 705 515 750 textura
544 691 934 749 clementorum
980 700 1179 746 cuncta
1212 692 1328 762 jam
1364 701 1543 746 creata
1579 699 1741 753 sunt;
1786 686 1880 744 sed

151 780 390 859 acceptis
425 776 935 860 opportunitatibus
971 774 1268 856 prodeunt.
1316 776 1458 833 Nam
1474 774 1643 832 'sicut
1683 787 1882 832 matres

148 867 390 943 gravidae
411 880 538 924 sunt
556 865 815 933 foetibus,
842 863 918 920 sic
935 863 1051 942 ipse
1074 861 1312 920 mundus
1328 862 1583 938 gravidus
1607 875 1684 919 est
1705 861 1881 919 causis

149 954 486 1012 nascentium
510 976 524 1011 ε
551 974 676 1034 quae
695 952 754 1010 in
770 950 866 1008 illo
888 972 999 1008 non
1022 963 1308 1021 creantur,
1331 950 1434 1008 nisi
1450 950 1520 1007 ab
1550 949 1642 1008 illa
1664 969 1879 1006 summa

47 1079 51 1084 ·
129 1043 402 1113 essentia,
431 1042 528 1100 ubi
553 1062 653 1099 nec
684 1040 858 1098 oritur
879 1085 894 1110 ,
934 1058 1034 1096 nec
1066 1038 1300 1095 moritur
1329 1036 1569 1118 aliquid,
1604 1057 1702 1094 nec
1735 1036 1881 1093 inci-

148 1130 235 1211 pit
256 1151 365 1189 esse
383 1177 397 1203 ‚
425 1151 525 1188 nec
551 1129 766 1188 desinit.
798 1127 1079 1185 Adhibere
1103 1140 1280 1184 autem
1303 1126 1598 1185 forinsecus
1623 1123 1882 1183 acceden-

148 1229 228 1276 tes
252 1239 467 1290 causas,
493 1239 618 1298 quae
646 1217 854 1275 tametsi
880 1237 990 1273 non
1012 1230 1136 1273 sunt
1161 1215 1432 1273 naturales
1450 1261 1464 1285 ‚
1491 1228 1672 1273 tamen
1691 1235 1882 1272 sccun-

149 1305 284 1363 dum
312 1319 565 1364 naturam
591 1305 929 1363 adhibentur
947 1350 961 1376 ,
990 1317 1052 1361 ut
1071 1325 1131 1361 ea
1152 1325 1280 1384 quae
1300 1316 1504 1361 secreto
1525 1315 1737 1360 naturae
1754 1303 1877 1361 sinu

150 1393 340 1471 abdita
363 1395 713 1452 continentur
730 1439 743 1463 ,
772 1406 1067 1473 erumpant
1087 1406 1140 1450 et
1161 1393 1293 1450 foris
1321 1405 1574 1450 creentur
1591 1439 1604 1462 ,
1638 1391 1879 1472 quodam

148 1481 314 1540 modo
348 1481 671 1562 explicando
704 1502 985 1539 mensuras
1028 1493 1080 1538 et
1113 1501 1369 1538 numeros
1409 1492 1464 1537 et
1501 1480 1748 1560 pondera
1782 1502 1881 1542 sua

148 1591 274 1650 quae
294 1570 350 1629 in
378 1570 596 1630 occulto
622 1583 952 1649 acceperunt
972 1570 1043 1627 ab
1067 1569 1161 1628 illo
1185 1616 1199 1640 ,
1224 1569 1320 1650 qui
1344 1569 1526 1627 omnia
1546 1570 1604 1628 in
1623 1591 1875 1630 mensura

147 1672 203 1716 et
228 1680 456 1718 numero
491 1672 546 1717 et
569 1658 812 1740 pondere
843 1657 1171 1738 disposuit1,
1199 1679 1312 1715 non
1332 1656 1506 1715 solum
1528 1657 1656 1715 mali
1677 1658 1872 1735 angeli,

148 1745 243 1806 sed
270 1747 434 1807 etiam
461 1747 592 1806 mali
620 1747 871 1806 homines
898 1759 1162 1827 possunt,
1197 1746 1338 1805 sicut
1361 1745 1604 1826 exemplo
1639 1746 1879 1822 agricul-

148 1848 289 1896 turae
322 1857 488 1917 supra
515 1836 700 1896 docui.

228 1925 408 1985 XVII.
462 1925 567 1984 Sed
594 1946 661 1984 ne
694 1923 762 1983 de
791 1923 1118 1983 animalibus
1152 1925 1306 2005 quasi
1333 1924 1545 1987 diversa
1578 1927 1718 1986 ratio
1748 1950 1873 1987 mo-

86 2071 88 2074 ,
149 2027 297 2087 veat,
343 2014 496 2096 quod
538 2014 750 2072 habent
784 2014 1039 2093 spiritum
1075 2014 1205 2073 vitae
1231 2035 1362 2073 cum
1389 2036 1546 2073 sensu
1579 2018 1875 2097 appetendi

92 2166 94 2169 s
149 2125 275 2184 quae
291 2103 593 2163 secundum
609 2117 861 2163 naturam
876 2117 1024 2175 sunt,
1049 2103 1369 2184 vitandique
1383 2106 1687 2176 contraria3
1709 2109 1873 2167 etiam

147 2192 258 2251 hoc
292 2206 370 2251 est
396 2191 579 2252 videre
606 2214 772 2273 quam
793 2193 955 2250 multi
975 2194 1226 2251 homines
1253 2207 1554 2265 noverunt,
1583 2216 1644 2252 ex
1672 2198 1878 2276 quibus

147 2281 336 2340 herbis
354 2329 369 2354 ,
399 2296 494 2340 aut
515 2282 800 2352 carnibuS,
832 2295 928 2340 aut
945 2302 1422 2363 quarumcumque
1441 2303 1622 2341 rerum
1648 2286 1876 2364 quibus-

146 2371 285 2429 libet
301 2369 488 2429 'succis
509 2384 603 2429 aut
624 2370 957 2429 humoribus
976 2417 990 2441 ‚
1026 2371 1112 2430 vel
1136 2371 1213 2429 ita
1242 2371 1430 2452 positis
1447 2417 1460 2443 ,
1489 2372 1670 2432 velita
1693 2375 1872 2434 obru-

150 2459 244 2530 tis,
276 2459 363 2518 vel
407 2459 497 2518 ita
519 2459 769 2517 contritis
791 2506 806 2530 ,
845 2459 933 2518 vel
970 2459 1045 2517 ita
1085 2460 1419 2526 commixtis,
1452 2480 1579 2540 quae
1619 2462 1876 2522 animalia

147 2546 296 2606 nasci
325 2546 530 2605 soleant
556 2569 570 2604 ε
607 2569 844 2628 quorum
874 2548 916 2606 si
939 2547 1061 2628 quis
1092 2560 1200 2606 tam
1228 2547 1446 2606 demens
1470 2548 1668 2608 audeat
1696 2549 1876 2609 dicere

148 2639 488 2694 creatorem?
518 2635 668 2708 Quid
693 2657 819 2712 ergo
856 2635 1088 2707 mirum,
1115 2635 1158 2694 si
1189 2635 1659 2716 quemadmodum
1702 2651 1883 2717 potest

147 2744 302 2782 nosse
340 2723 576 2804 quilibet
605 2725 966 2806 nequissimus
1002 2725 1172 2783 homo
1191 2771 1204 2794 ‚
1239 2723 1385 2783 unde
1416 2724 1495 2783 illi
1525 2725 1612 2784 vel
1645 2726 1724 2784 illi
1752 2749 1877 2786 ver-

148 2833 260 2870 mes
286 2832 599 2892 muscaeque
629 2827 922 2872 nascantur
941 2838 965 2882 3>
983 2813 1059 2872 ita
1083 2812 1213 2871 mali
1242 2812 1417 2889 angeli
1441 2834 1544 2894 pro
1574 2814 1877 2876 subtilitate

149 2900 234 2959 sui
273 2921 455 2959 sensus
489 2900 547 2959 in
583 2902 980 2962 occultioribus
1010 2902 1404 2961 elementorum
1437 2903 1733 2963 seminibus
1768 2928 1875 2965 no-

150 3002 314 3061 runt,
339 2989 485 3048 unde
505 3011 654 3048 ranae
677 2987 1060 3075 serpentesque
1084 3004 1406 3063 nascantur,
1431 3004 1485 3050 et
1505 2991 1629 3051 haec
1650 3014 1751 3076 per
1769 3016 1884 3054 cer·

154 3091 233 3136 tas
259 3090 313 3136 et
341 3091 496 3136 notas
520 3081 974 3159 temperationum
1001 3080 1444 3162 opportunitates
1465 3080 1695 3140 occultis
1716 3084 1887 3142 moti-

151 3166 256 3225 bus
303 3165 620 3227 adhibendo
673 3166 884 3228 faciunt
933 3170 1143 3244 creari,
1194 3191 1306 3229 non
1358 3174 1582 3230 creanti)
1632 3170 1742 3230 Sed
1785 3172 1882 3231 illa

214 3269 227 3299 ¹
251 3272 342 3326 Sap.
368 3283 517 3327 xthm.
