2144 3808
336 325 445 384 108
862 345 906 382 s.
960 341 1266 382 Auensrrm
1309 340 1567 380 EPISCOPI

325 425 568 498 voluisti,
597 423 875 508 quomodo
894 425 969 484 ait
1004 424 1294 506 Apostolus
1319 435 1339 482 τ’
1365 451 1390 477 ›>
1414 425 1481 481 In
1505 423 1727 485 Christo
1751 425 1897 483 enim
1927 426 1960 483 J
1963 445 2056 486 esu

326 536 427 595 per
456 515 814 592 Evangelium
843 535 940 590 ego
969 534 1064 572 vos
1088 514 1251 589 genui
1277 512 1330 569 1:
1373 533 1474 570 cur
1498 534 1611 570 non
1630 513 1882 585 attendiS,
1905 514 2056 594 quod

319 608 433 680 jam
451 617 606 663 erant
624 604 736 662 illae
761 602 959 661 animae
987 603 1044 659 in
1063 614 1238 660 vetere
1258 603 1394 671 vita,
1420 622 1554 680 quas
1569 623 1669 681 per
1697 603 2056 679 Evangelium

322 692 637 750 renovando
657 689 945 770 Apostolus
961 689 1184 765 genuit?
1201 689 1445 748 Verbum
1459 703 1638 748 autem
1657 691 1757 748 Dei
1780 693 1922 749 Deus
1935 693 2057 750 uni-

326 780 539 854 genitus
557 778 750 848 Filius,
777 776 919 835 sicut
936 781 1050 853 jam
1077 776 1501 858 disputavimus,
1543 798 1656 835 non
1672 778 1827 857 prius
1847 778 2058 859 aliquid

320 865 448 938 fuit,
481 879 536 924 et
562 864 910 924 renovatione
934 877 1013 922 est
1043 878 1326 941 generatus
1349 886 1378 922 a
1403 866 1592 936 Patre,
1625 866 1719 924 sed
1745 887 1872 924 cum
1895 868 2056 926 Patre

321 975 536 1034 semper
583 953 723 1021 fuit3
755 953 899 1011 sicut
929 966 1009 1011 est
1040 975 1255 1035 semper
1284 966 1448 1033 atque
1476 954 1577 1012 erit
1607 955 1851 1013 mirabili
1892 969 2056 1036 atque

318 1040 583 1101 ineffabili
608 1041 774 1099 modo
806 1042 1018 1117 genitus
1054 1042 1126 1100 ab
1156 1056 1359 1101 aeterno
1388 1055 1709 1102 coaeternus,
1764 1043 1871 1102 Sed
1910 1045 1954 1103 si
1982 1045 2055 1103 ob

321 1130 433 1190 hoc
463 1131 811 1190 introduxisti
836 1132 986 1190 hanc
1009 1131 1326 1191 dissimilem
1355 1132 1790 1205 similitudinem,
1824 1147 1886 1192 ut
1914 1155 2057 1193 asse-

319 1241 462 1279 reres
475 1221 654 1280 Deum
672 1222 891 1299 Patrem
917 1220 1421 1302 incorruptibiliter
1441 1223 1682 1298 genuisse
1710 1245 1724 1280 :
1749 1222 1865 1281 noli
1892 1222 2057 1281 labo-
2086 1299 2091 1302 Α

244 1374 247 1377 ,
319 1331 468 1380 rare3
495 1311 762 1369 confiteor
789 1310 1042 1381 omnine,
1069 1311 1567 1392 incorruptibiliter
1593 1312 1836 1388 genuisse
1878 1312 2057 1371 Deum

320 1398 577 1469 Patrem,
610 1397 705 1455 sed
731 1397 885 1477 quod
931 1411 1011 1456 est
1037 1398 1152 1478 ipse
1180 1399 1439 1475 genuisse.
1497 1401 1704 1457 Iterum
1750 1401 1896 1458 enim
1930 1400 2055 1458 dico

318 1484 438 1557 hic,
467 1485 619 1566 quod
642 1486 799 1544 vobis
823 1507 969 1566 saepe
990 1486 1294 1545 dicendum
1322 1500 1436 1545 est:
1463 1487 1574 1546 Aut
1602 1487 1670 1545 de
1700 1486 1883 1569 aliqua
1915 1488 2056 1546 sub-

321 1574 520 1632 stantia
544 1587 703 1632 natus
726 1587 807 1633 est
847 1574 949 1632 Dei
981 1574 1178 1648 Filius,
1235 1589 1328 1634 aut
1357 1575 1426 1633 de
1467 1575 1637 1636 nulla.
1671 1576 1729 1634 Si
1779 1576 1847 1635 de
1876 1577 2051 1649 nulla,

320 1684 447 1739 ergo
477 1662 545 1721 de
574 1662 752 1721 nihilo
777 1685 791 1719 ε
814 1662 965 1742 quod
1000 1684 1096 1722 vos
1119 1686 1232 1722 non
1261 1663 1443 1723 dicere
1456 1669 1573 1741 jam
1610 1678 1870 1726 tenemus,
1905 1666 1963 1724 Si
1988 1665 2056 1725 de

320 1751 524 1832 aliqua,
551 1773 652 1810 nec
703 1765 882 1810 tamen
915 1751 983 1810 de
1005 1753 1206 1824 Patris,
1234 1774 1345 1812 non
1380 1775 1539 1814 verus
1563 1768 1641 1812 est
1665 1754 1852 1814 Filius.
1892 1755 1950 1813 Si
1988 1754 2057 1823 de

317 1841 520 1914 Patris,
550 1843 713 1900 unius
734 1841 1092 1922 ejusdemque
1125 1856 1252 1901 sunt
1269 1845 1432 1902 Pater
1447 1857 1502 1902 et
1538 1844 1720 1904 Filius.
1759 1844 2055 1916 Quomodo

318 1943 497 1989 autem
515 1930 659 1989 nihil
682 1930 814 1988 Filio
838 1931 1126 2003 subtraxit,
1151 1931 1386 2002 utdicis,
1407 1934 1450 1991 si
1473 1933 1715 2009 ejusdem
1736 1933 2056 1992 substantiae

313 2032 414 2092 est,
455 2032 508 2077 et
539 2033 719 2077 tamen
744 2019 926 2077 minor
946 2033 1048 2091 est,
1077 2041 1177 2078 nec
1193 2020 1337 2079 sicut
1362 2022 1546 2080 infans
1566 2043 1805 2081 crescere
1833 2025 2054 2102 potest?

400 2108 465 2167 50
490 2107 746 2166 Jamvero
779 2107 847 2165 de
873 2107 1283 2168 immortalitate
1330 2110 1459 2180 Dei,
1491 2111 1622 2192 quia
1642 2132 1754 2168 non
1802 2111 2048 2183 Patrem,

312 2196 409 2255 sed
434 2201 613 2255 Deum
648 2197 743 2278 qui
773 2210 827 2255 et
849 2198 1013 2255 Pater
1047 2212 1125 2257 est
1164 2212 1217 2256 et
1243 2198 1411 2258 Filius
1434 2214 1487 2258 et
1517 2199 1755 2280 Spiritus
1797 2214 2047 2272 sanctus,

312 2284 489 2344 solum
520 2285 725 2344 habere
746 2285 1211 2346 immortalitatem
1236 2287 1371 2346 dixit
1400 2288 1711 2369 ApostoluS,
1749 2288 1875 2346 satis
1894 2310 2053 2369 supe-

312 2375 425 2433 rius
466 2374 767 2455 disputavi,
796 2375 1019 2455 quando
1057 2377 1240 2458 ipsum
1272 2377 1652 2458 Apostolicufn
1678 2378 2052 2436 testimonium

311 2476 366 2521 et
395 2464 555 2543 posui
585 2476 786 2535 totum,
819 2477 872 2522 et
904 2466 1143 2545 exposui.

400 2553 456 2610 6⁰
490 2552 762 2633 Displicet
795 2553 924 2625 tibi,
957 2554 1111 2635 quod
1136 2555 1402 2637 aequalem
1449 2555 1602 2614 Patri
1640 2555 1920 2613 asserimus
1954 2556 2051 2614 Fi·-

311 2641 449 2700 lium
474 2664 488 2699 :
509 2642 665 2724 quasi
679 2642 852 2723 possit
867 2664 976 2701 esse
994 2644 1424 2726 inaequalisaqui
1447 2666 1605 2704 verus
1629 2656 1707 2702 est
1726 2644 1920 2716 Filius,
1940 2666 2052 2703 non

312 2745 474 2790 natus
505 2754 567 2791 ex
585 2745 850 2813 tempore,
884 2732 976 2791 sed
995 2734 1234 2810 gignenti
1262 2747 1588 2805 coaeternuS,
1621 2733 1763 2791 sicut
1791 2733 2051 2814 splendor

314 2820 394 2879 ab·
410 2820 533 2897 igne
549 2821 762 2897 genitus
782 2822 1023 2898 gignenti
1045 2821 1422 2881 manifestatur
1443 2842 1743 2902 aequaevus.
1771 2847 1797 2875 «
1822 2821 1931 2880 Sed
1951 2822 2050 2881 ha·

311 2908 427 2980 bet,
477 2910 681 2990 inquis,
715 2911 819 2968 Dei
842 2910 1009 2969 Filius
1045 2924 1324 2970 auctorem
1347 2912 1583 2970 Patrem.
1617 2937 1642 2963 ›>
1669 2911 1726 2969 Si
1752 2924 2048 2992 propterea

309 3000 493 3055 Deum
521 2999 742 3056 Patrem
762 3002 878 3057 Deo
903 2999 1040 3057 Filio
1066 3000 1202 3058 dicis
1227 3013 1529 3071 auctorem,
1559 2999 1688 3080 quia
1709 2999 1802 3058 ille
1833 2999 2042 3075 genuit,

307 3086 518 3163 genitus
545 3099 622 3144 est
650 3087 784 3156 iste3
815 3088 944 3168 quia
974 3089 1070 3147 iste
1095 3089 1162 3147 de
1187 3089 1281 3148 illo
1307 3103 1406 3160 est,
1441 3111 1552 3147 non
1578 3089 1668 3147 ille
1697 3088 1765 3147 de
1786 3089 1920 3158 isto;
1953 3088 2043 3147 fa-

309 3188 426 3233 teor
444 3187 498 3233 et
518 3175 779 3237 concedo.
809 3177 865 3250 Si
883 3190 1061 3237 autem
1076 3199 1175 3259 per
1189 3200 1386 3238 nomen
1411 3179 1648 3238 auctoris
1662 3177 1936 3256 ¹minorem
1959 3178 2046 3238 vis

373 3279 385 3307 ¹
421 3293 434 3319 ι
466 3281 560 3323 Cor.
582 3281 727 3330 1v‚15.
