2144 3808
287 262 403 332 430
822 278 865 315 5.
919 276 1223 314 AUGU5T1N1
1267 274 1524 314 Eriscom

282 449 903 502 ωΜΜν-ᾆιιυπὶιιὶιπτ
913 470 1004 485 Ἃι-
1015 469 1063 482 ⁸⁸
1075 469 1224 482 *21⁸⁸*
1234 467 1383 482 mus
1391 467 1595 481 νινιτννῠ
1606 466 1876 493 ιιυξιικνιτ
1887 469 1928 482 ⁸1
1937 468 2008 483 ms

975 604 1204 676 LIBER
1247 603 1318 661 x.

281 789 355 843 In
395 806 500 858 qtto
547 788 859 841 trinitatem
885 788 1062 840 aliam
1092 788 1154 837 in
1191 784 1430 838 hominis
1455 775 1635 848 mente
1654 782 1822 835 inesse
1849 791 2016 833 osten-

353 870 531 930 ditur,
558 889 786 939 eamque
817 870 973 942 longe
998 869 1398 921 evidentiorem
1425 882 1696 937 apparere
1723 864 1787 916 in
1807 879 2017 929 memo-
2052 934 2056 938 .

350 952 461 1015 ria,
486 952 854 1024 intelligentia
883 964 930 1011 et
958 952 1256 1005 voluntate.

367 1125 411 1181 Ι.
452 1123 616 1180 NUNC
648 1123 714 1181 ad
747 1145 808 1182 ea
834 1124 954 1204 ipsa
974 1137 1367 1205 consequenter
1389 1122 1676 1182 enodatius
1695 1118 2019 1202 explicanda

281 1212 521 1269 limatior
549 1212 777 1271 accedat
805 1214 1055 1274 intentio.
1096 1214 1175 1272 Ac
1219 1213 1464 1294 primum
1499 1213 1631 1293 quia
1658 1232 1771 1269 rem
1800 1211 2020 1290 prorsus

279 1299 527 1374 ignotam
577 1321 726 1359 mare
761 1302 986 1360 omnino
1027 1301 1211 1360 nullus
1253 1315 1453 1383 potest,
1487 1301 1773 1376 diligenter
1796 1298 2022 1382 intuen—

284 1388 416 1446 dum
437 1402 515 1447 est
536 1390 850 1466 cujusmodi
875 1392 943 1449 sit
969 1413 1120 1450 amor
1152 1391 1513 1463 studentium,
1553 1390 1613 1448 id
1633 1402 1739 1460 est,
1772 1408 1885 1446 non
1905 1390 2022 1462 jam

282 1476 593 1549 scientium,
618 1479 713 1537 sed
747 1480 933 1538 adhuc
965 1482 1101 1540 scire
1137 1481 1478 1562 cupientium
1507 1496 1786 1560 quamque
1808 1474 2022 1553 doctri-

284 1586 432 1625 nam.
464 1567 536 1623 Et
554 1567 611 1624 in
627 1568 715 1625 his
738 1569 948 1650 quippe
974 1570 1137 1628 rebus
1158 1571 1217 1629 in
1240 1571 1444 1651 quibus
1465 1591 1578 1627 non
1598 1567 1794 1626 usitate
1817 1563 2022 1623 dicitur

281 1653 552 1726 studium,
586 1655 761 1714 solent
788 1658 1007 1717 existere
1037 1681 1241 1717 amores
1259 1676 1321 1717 ex
1348 1659 1564 1729 auditU,
1590 1657 1724 1715 dum
1752 1658 2021 1731 cujusque

279 1741 717 1820 pulchritudinis
742 1744 889 1803 fama
933 1747 1003 1804 ad
1042 1747 1344 1806 videndum
1390 1768 1452 1806 ac
1482 1745 1778 1804 fruendum
1808 1740 2022 1799 animus

281 1829 633 1902 accenditur,
667 1833 799 1911 quia
832 1835 1153 1909 generaliter
1180 1836 1335 1895 novit
1366 1855 1666 1915 corporum
1692 1830 2020 1913 pulchritu-

278 1917 452 1988 dineS,
482 1940 541 1976 ex
572 1941 634 1976 eo
652 1922 802 1999 quod
834 1923 1106 2001 plurimas
1154 1924 1317 1995 vidit,
1350 1923 1849 1998 inestssintrinsecus
1873 1917 2020 1976 unde

281 2007 646 2085 approbetur,
676 2010 765 2079 cui
810 2009 1114 2069 forinsecus
1144 2011 1411 2072 inhiatur.
1447 2011 1615 2093 Quod
1644 2031 1771 2068 cum
1795 2010 1880 2079 fit,
1909 2027 2021 2064 non

280 2094 359 2150 rei
388 2095 607 2174 penitus
626 2096 922 2172 incognitae
952 2122 1107 2158 amor
1128 2101 1413 2172 excitatur,
1446 2106 1604 2177 cujus
1632 2119 1798 2176 genus
1819 2097 1896 2156 ita
1915 2119 2021 2156 no-

278 2192 400 2238 tum
425 2195 520 2241 est.
559 2184 704 2241 Cum
731 2199 912 2244 autem
962 2187 1143 2247 virum
1187 2188 1397 2248 bonum
1434 2210 1699 2260 amamus,
1741 2194 1899 2265 cujus
1930 2186 2019 2244 fa-

278 2269 418 2327 ciem
445 2292 558 2328 non
583 2272 847 2347 vidimus,
874 2297 933 2333 ex
955 2276 1151 2335 notitia
1176 2278 1444 2338 virtutum
1479 2298 1723 2359 amamus
1747 2299 1882 2360 quas
1911 2301 2017 2338 no-

279 2357 460 2419 vimus
474 2359 534 2417 in
561 2360 681 2440 ipsa
702 2361 946 2424 veritate.
974 2365 1062 2423 Ad
1082 2365 1360 2426 doctrinas
1381 2381 1564 2427 autem
1588 2368 2013 2445 cognoscendaS,

277 2445 606 2528 plerumque
629 2471 726 2508 nos
753 2451 1099 2512 laudantium
1119 2469 1282 2535 atque
1310 2450 1737 2537 praedicantium
1769 2458 2019 2517 accendit

279 2536 599 2610 auctoritas,
651 2552 702 2597 et
748 2553 927 2600 tamen
965 2543 1066 2602 nisi
1119 2545 1361 2604 breviter
1385 2547 1703 2627 impressam
1753 2554 2018 2630 cujusque

278 2621 549 2683 doctrinae
587 2626 920 2694 haberemus
950 2632 1010 2690 111
1038 2633 1222 2692 animo
1264 2636 1566 2708 notionem,
1599 2637 1752 2695 nullo
1797 2638 1865 2696 ad
1898 2661 2016 2697 eam

275 2709 575 2798 dicendam
588 2715 785 2779 ,studio
806 2717 1176 2795 flagraremus,
1230 2722 1369 2794 Quis
1403 2725 1547 2782 enim
1576 2724 1832 2798 sciendae,
1860 2727 2017 2786 verbi

274 2798 480 2895 gra-tia,
515 2800 834 2870 Rhetoricae
873 2807 1044 2866 ullam
1074 2830 1265 2867 curam
1294 2825 1348 2869 et
1380 2834 1606 2892 operam
1637 2815 2009 2895 impenderet,

273 2906 377 2982 11151
406 2899 531 2987 ante
559 2890 720 2950 sciret
757 2914 876 2952 eam
900 2895 1142 2955 dicendi
1183 2919 1293 2957 esse
1335 2900 1657 2962 scientiam?
1702 2904 2014 2984 Aliquando

277 2984 442 3030 etiam
458 2997 702 3054 1psarum
718 2981 1095 3044 doctrinarum
1124 2987 1259 3047 fines
1278 2988 1493 3049 auditos
1510 3005 1822 3072 expertosve·
1851 2986 2013 3052 mira-

286 3079 434 3132 mur,
470 3077 525 3120 et
562 3086 623 3124 ex
656 3069 766 3136 hoc
802 3071 1190 3134 inardescimus
1218 3076 1534 3150 facultatem
1563 3103 1881 3165 comparare
1921 3083 2013 3142 di-

295 3147 486 3222 nendo,
504 3171 614 3232 qua
629 3151 803 3215 ad'eos
817 3163 1101 3239 pervenire
1124 3166 1411 3245 possimus
1445 3171 1733 3252 Tanquam
1747 3173 1789 3233 si
1807 3173 2014 3235 litteras
