2144 3808
325 330 395 387 16
845 346 888 383 S.
943 343 1251 404 AtJGns'rlNl
1295 345 1552 388 EPISCOPI

322 453 349 482 ι)
364 426 616 504 cognovi.
641 453 668 481 »
681 427 809 508 Ipsa
821 439 900 486 est
915 439 1031 487 tota
1054 427 1151 486 Dei
1173 429 1555 509 praescientia?
1574 432 1734 491 Tunc
1755 435 2041 510 cognovit,

314 516 537 598 quando
566 516 731 575 dixit:
753 543 779 570 ε(
811 517 975 575 Nunc
997 516 1262 593 cognovi:
1289 543 1316 571 »
1357 518 1463 577 Sed
1505 519 1642 600 quid
1666 534 1745 580 est
1779 545 1794 579 z
1834 549 1857 576 κ
1882 524 2047 582 Nunc

319 631 347 661 1)
375 605 643 683 cognovi?
660 631 687 660 »
717 605 786 664 Id
812 619 910 676 est,
938 626 1087 664 nunc
1109 625 1431 685 cognoscere
1471 619 1523 666 te
1545 608 1669 669 feci.
1705 609 1762 669 Si
1789 632 1916 688 ergo
1942 612 2043 671 has

310 694 612 754 locutiones
634 694 774 752 sicut
794 694 951 752 libris
975 693 1175 753 divinis
1203 693 1450 753 eruditus
1474 717 1786 771 agnosceres
1809 745 1824 770 ‚
1860 699 1928 758 de
1955 722 2046 777 ge-

310 783 541 842 mitibus
583 782 691 842 illis
724 783 928 863 quibus
973 782 1187 841 dictum
1238 797 1316 842 est
1359 785 1652 860 gemitibus
1701 786 2050 870 interpellare

306 871 583 953 Spiritum
627 885 878 930 sanctum
902 917 917 943 ‚
964 892 1078 930 non
1120 893 1245 930 eum
1286 871 1489 932 faceres
1550 875 1836 934 miserum.
1898 876 2052 949 Quid

313 961 461 1018 enim
493 973 573 1019 est
622 959 807 1031 aliud,
850 981 1062 1040 semper
1102 981 1347 1036 gemenS,
1401 982 1568 1042 quam
1608 984 1823 1044 semper
1851 965 2054 1024 miser?

317 1046 441 1109 ideo
462 1069 562 1106 nos
591 1048 876 1124 gemimuS‚
909 1047 1041 1127 quia
1069 1047 1250 1106 miseri
1272 1070 1476 1109 sumus,
1507 1051 1579 1108 Et
1601 1053 1799 1127 gratias
1823 1053 2055 1134 Spiritui

315 1149 502 1196 sancto
525 1183 541 1209 ,
574 1137 709 1217 quia,
752 1135 1022 1195 charitate
1047 1137 1238 1195 aeterni
1266 1138 1455 1196 saeculi
1501 1137 1635 1197 facit
1667 1162 1765 1199 nos
1814 1162 2051 1217 gemere,

318 1237 550 1307 propter
566 1223 717 1305 quod
733 1223 914 1283 dictus
940 1237 1019 1282 est
1040 1245 1273 1300 gemens,
1299 1226 1452 1284 Facit
1471 1248 1569 1286 nos
1591 1227 1845 1298 clamare,
1875 1251 2057 1311 prop-

320 1326 404 1372 ter
433 1313 585 1396 quod
615 1313 795 1373 dictus
816 1326 894 1372 est
922 1313 1182 1374 clamans,
1222 1315 1376 1373 Facit
1395 1337 1494 1374 nos
1516 1338 1840 1394 cognoscere
1852 1320 2053 1391 Deum,

321 1417 553 1484 propter
594 1403 747 1484 quod
793 1403 1007 1461 dictum
1051 1416 1152 1475 est,
1193 1430 1219 1457 «
1249 1405 1369 1462 Imo
1393 1407 1599 1481 cogniti
1621 1431 1652 1466 a
1674 1409 1808 1468 Deo.
1845 1435 1873 1463 >2
1907 1408 2060 1467 Facit

327 1492 612 1553 Abraham
654 1493 803 1550 Deus
852 1503 1269 1567 cognoscentem
1291 1538 1307 1564 ,
1343 1505 1573 1574 propter
1612 1494 1763 1574 quod
1803 1496 1854 1555 ei
1881 1493 2018 1554 dixit
2038 1542 2054 1568 ,

325 1605 353 1633 ε(
378 1579 543 1638 Ν11116
567 1579 817 1656 cognovi.
857 1604 885 1632 ›>

405 1669 629 1727 MAxm.
664 1665 981 1747 respondit:
1000 1692 1027 1720 c<
1053 1670 1119 1724 In
1145 1667 1353 1747 quibus
1370 1690 1469 1728 nos
1492 1671 1874 1750 reprehendiS‚
1905 1674 1963 1732 in
1975 1674 2060 1754 ip-

325 1756 394 1816 sis
411 1756 529 1838 ipse
557 1755 837 1832 detegeris,
893 1755 1123 1812 Certum
1142 1767 1221 1813 est
1241 1756 1387 1815 enim
1410 1804 1425 1830 ,
1457 1771 1511 1816 et
1540 1758 1729 1819 divina
1758 1782 1857 1820 nos
1879 1775 2063 1821 monet

322 1843 632 1925 Scriptura,
663 1841 819 1924 quod
845 1863 906 1900 ex
954 1842 1308 1924 multiloquio
1339 1867 1451 1904 non
1491 1847 1712 1924 effugies
1744 1863 2057 1930 peccatum,

323 1954 555 2015 parcens
589 1944 774 1991 autem
817 1930 1001 2003 labiis,
1035 1931 1248 2011 sapiens
1286 1933 1388 1991 eris
1418 1932 1461 1994 1.
1504 1935 1772 2008 Quamvis
1801 1938 1965 1997 etiam
2010 1952 2064 1997 et

324 2023 371 2081 si
399 2043 500 2103 per
529 2033 709 2080 totum
733 2018 878 2077 diem
894 2018 1126 2100 quisque
1152 2019 1220 2077 de
1247 2019 1448 2080 divinis
1471 2021 1781 2103 Scripturis
1821 2024 2064 2106 proferat

327 2109 636 2170 testimonia
656 2155 672 2182 ‚
717 2128 832 2166 non
861 2107 919 2166 in
946 2107 1277 2168 verbositate
1316 2108 1397 2168 illi
1425 2110 1798 2192 imputabitur
1840 2136 2059 2175 revera:

327 2198 480 2281 quod
495 2199 540 2258 si
563 2195 932 2256 autlitteraria
956 2209 1069 2255 arte
1087 2218 1235 2270 usuS‚
1256 2211 1351 2257 aut
1373 2201 1710 2280 expressione
1737 2203 1958 2283 spiritus
1983 2203 2065 2262 sui

333 2287 566 2369 quisque
589 2285 884 2344 concinnet
898 2285 1068 2345 verba
1087 2305 1215 2366 quae
1231 2307 1344 2344 non
1359 2288 1642 2347 continent
1662 2303 1866 2350 sanctae
1879 2290 2066 2372 Scrip-

328 2390 468 2435 turae
495 2389 550 2434 et
565 2376 739 2433 otiosa
766 2387 894 2433 sunt
925 2386 980 2432 et
1001 2374 1295 2455 superflua.
1328 2375 1544 2435 Sufficit
1567 2379 1733 2451 mihi,
1754 2379 1851 2461 qui
1873 2379 1944 2438 ad
1987 2380 2066 2438 is-

330 2478 444 2523 tam
464 2462 709 2540 regulam
719 2475 773 2520 te
788 2461 1013 2535 adduxi,
1037 2476 1099 2522 ut
1121 2464 1429 2544 profitearis
1449 2466 1601 2546 quod
1617 2468 1778 2526 Pater
1789 2469 1951 2527 Pater
1962 2481 2062 2541 est,

332 2552 462 2635 quia
478 2552 699 2610 innatus
713 2563 812 2622 est,
840 2551 970 2632 quia
999 2574 1030 2610 a
1053 2552 1270 2611 nemine
1296 2555 1721 2634 accepitvitam;
1752 2569 1806 2614 et
1829 2557 1959 2637 quia
1981 2558 2067 2617 Fi-

330 2641 440 2701 lius
461 2664 492 2700 a
511 2643 675 2700 Patre
690 2654 1017 2700 consecutus
1039 2655 1118 2701 est
1138 2644 1307 2702 vitam
1327 2668 1343 2712 3
1367 2656 1420 2701 et
1431 2644 1561 2724 quia
1584 2644 1823 2726 Spiritus
1844 2659 2065 2705 sanctus

332 2730 572 2812 Spiritus
597 2743 814 2789 sanctus
843 2744 923 2790 est
947 2757 963 2802 ;
993 2730 1229 2790 dicendo
1255 2744 1437 2790 autem
1473 2754 1646 2792 unum
1692 2735 1891 2807 Deum,
1927 2735 2067 2795 bene

330 2817 808 2902 quidem’facereS,
839 2819 885 2876 si
926 2819 1240 2878 confitendo
1265 2841 1438 2879 unum
1468 2820 1671 2893 Deum,
1700 2843 1813 2881 non
1842 2825 2064 2882 Patrem

331 2920 386 2967 et
410 2905 611 2965 Filium
635 2918 689 2963 et
719 2905 988 2985 Spiritum
1007 2921 1259 2967 sanctum
1276 2930 1449 2968 unum
1471 2909 1676 2970 diceres
1704 2912 1906 2985 Deum,
1934 2934 2064 2972 con-

329 3012 415 3057 tra
436 3009 589 3055 tuam
609 2996 926 3054 sententiam
947 2997 1182 3059 veniens.
1215 3000 1262 3057 A
1287 2999 1448 3057 nobis
1482 3020 1622 3058 unus
1652 2999 1851 3059 colitur
1875 3003 2022 3060 Deus
2043 3026 2060 3070 ς

329 3085 572 3154 innatUS,
597 3081 851 3155 infectuS,
889 3082 1212 3156 invisibilis,
1241 3085 1339 3166 qui
1368 3086 1435 3144 ad
1467 3087 1712 3146 humana
1733 3089 1985 3165 conjugia
2013 3101 2066 3146 et

325 3173 396 3232 ad
423 3172 726 3231 humanam
749 3191 967 3231 carnem
996 3192 1110 3232 non
1141 3171 1438 3235 descendit.
1468 3176 1562 3238 Est
1610 3189 1789 3237 autem
1818 3189 1872 3234 et
1898 3175 2064 3235 Filius

391 3285 402 3307 ¹
425 3282 547 3320 Prov.
570 3289 609 3328 x,
642 3291 708 3331 ¹9·
