2144 3808
293 345 411 423 496
821 359 867 400 s.
921 356 1225 400 Auensrml
1269 348 1527 398 Er1scol³1

294 606 370 628 m
375 607 445 623 W-
449 598 1854 624 mnwmmwmmmmmmmmmmmmmfl
1858 599 2007 616 mm

945 770 1174 829 LIBER
1215 768 1376 827 XIII.

301 982 659 1052 Prosequitur
685 979 750 1031 cle
773 980 1037 1038 scientia,
1077 980 1139 1030 in
1169 997 1278 1046 qua
1303 977 1590 1040 videlicet,
1615 978 1785 1029 etiam
1812 990 1872 1030 ut
1892 997 1925 1030 a
1946 997 2033 1031 sa-

372 1063 587 1133 pientia
620 1061 1024 1131 distinguitur,
1069 1059 1382 1110 trinitatem
1414 1059 1719 1127 quamdam
1751 1061 2032 1128 inquirere

380 1144 522 1195 libro
546 1143 825 1214 superiore
853 1141 1040 1212 coepit,
1073 1159 1182 1209 qua
1229 1140 1508 1193 occa-sione
1532 1140 1625 1191 ‘liic
1657 1139 1828 1211 sidem
1868 1141 2038 1194 chris-

379 1225 600 1275 tianam
634 1226 1061 1283 commendam,
1100 1221 1341 1292 explicat
1383 1220 1653 1290 quomodo
1691 1221 2038 1273 credentium

379 1305 451 1355 sit
476 1302 614 1374 sides
641 1322 757 1355 una
792 1316 841 1355 et
872 1307 1205 1355 communis.
1252 1300 1398 1353 Tum
1428 1302 1826 1353 beatitudinem
1853 1320 2039 1354 omnes

382 1386 548 1445 velle,
579 1402 677 1436 nec
701 1396 888 1435 tamen
923 1384 1179 1435 omnium
1213 1400 1320 1433 esse
1346 1383 1517 1453 sidem-
1551 1401 1660 1451 qua
1699 1385 1774 1434 ad
1808 1382 2040 1434 beatitu-

383 1463 572 1515 dinem
595 1464 935 1533 pervenitur.
972 1463 1142 1515 Hanc
1161 1474 1347 1514 autem
1380 1463 1554 1533 sidem
1587 1463 1651 1513 in
1686 1461 1906 1514 Christo
1934 1479 2040 1515 esse

382 1544 679 1616 definitam
700 1546 796 1614 qui
827 1546 887 1596 in
914 1563 1079 1596 carne
1100 1545 1462 1596 resurreaeitJa
1493 1544 1752 1611 mortuis,
1788 1563 1888 1595 nec
1928 1543 2043 1595 nisi

378 1646 480 1697 per
508 1626 670 1678 ittam
699 1626 930 1678 liberari
958 1644 1291 1695 quemquam
1316 1644 1351 1676 a
1380 1624 1590 1677 diaboli
1628 1626 1919 1678 dominatu
1942 1644 2043 1696 per

386 1707 768 1760 remissionem
800 1720 1161 1780 peccatorum,
1193 1727 1211 1758 .·
1245 1719 1295 1758 et
1330 1707 1445 1777 fuse
1480 1706 1716 1759 ostendit
1755 1707 2044 1759 diabolum

387 1808 499 1842 non
531 1789 813 1861 potentia,
853 1789 947 1841 sed
969 1789 1203 1859 justitia
1242 1789 1399 1839 vinci
1438 1807 1473 1840 a
1519 1787 1739 1839 Christo
1777 1787 2035 1841 debuisse.

393 1871 640 1924 Tandem
662 1869 832 1939 liujus
853 1872 1023 1923 verba
1044 1869 1181 1940 [idei
1203 1869 1338 1920 dum
1363 1869 1647 1920 memorice
1670 1869 2040 1929 mandantur,

387 1953 558 2004 inesse
577 1951 883 2021 quamdam
912 1952 974 2000 in
1000 1951 1194 2002 animo
1223 1950 1564 2010 trinitatem,
1591 1950 1722 2017 quia
1744 1962 1793 2000 et
1827 1949 1888 2000 in
1925 1967 2045 2000 me-

389 2033 573 2084 moria
599 2043 725 2084 sunt
763 2031 1062 2083 verborum
1092 2031 1241 2090 soni,
1272 2031 1443 2081 etiam
1481 2029 1702 2098 quando
1728 2028 1888 2081 homo
1918 2029 2046 2082 inde

388 2124 502 2166 non
522 2115 726 2184 cogitat
738 2135 760 2175 ;
791 2126 841 2164 et
863 2113 994 2164 inde
1021 2114 1302 2184 formatur
1321 2112 1461 2171 acies
1484 2111 1884 2165 recordationis
1903 2115 2044 2183 ejuS,

389 2195 610 2266 quando
634 2194 700 2247 de
724 2193 810 2246 his
836 2194 1038 2268 cogitat
1052 2215 1074 2255 ;
1105 2206 1155 2245 et
1178 2194 1403 2246 demum
1422 2195 1682 2247 voluntas
1703 2195 2047 2247 recordantis

388 2290 552 2345 atque
579 2277 874 2350 cogitantis
909 2288 1207 2344 utrumque
1233 2277 1544 2347 conjungit.
1600 2286 1605 2303 ‘

401 2494 448 2551 Ι.
498 2492 565 2550 IN
605 2491 779 2549 Libro
822 2492 1099 2572 superiore
1133 2493 1302 2569 hujus
1336 2495 1534 2574 Operis
1564 2494 1892 2554 duodecimo
1922 2498 2048 2556 satis

318 2582 525 2657 egimus
548 2578 850 2637 discernere
871 2580 1150 2639 rationalis
1178 2582 1375 2639 mentis
1406 2581 1646 2640 officium
1674 2583 1734 2640 in
1766 2596 2046 2663 tempora-

318 2670 467 2729 libus
491 2668 657 2726 rebus
674 2712 688 2738 ,
718 2667 818 2725 ubi
843 2689 955 2726 non
980 2668 1092 2726 sola
1114 2669 1354 2744 cognitio
1370 2715 1383 2740 ‚
1411 2691 1602 2728 verum
1625 2683 1679 2728 et
1699 2671 1839 2728 actio
1863 2685 2049 2730 nostra

318 2770 564 2819 versatur
581 2756 714 2825 :ab
743 2756 1116 2828 excellentiore
1145 2757 1387 2832 ejusdem
1425 2759 1619 2816 mentis
1659 2758 1868 2830 offici0‚
1895 2760 2049 2841 quod

319 2842 756 2923 contemplandis
780 2845 995 2902 aeternis
1026 2845 1190 2902 rebus
1223 2845 1565 2924 impenditur
1586 2893 1600 2918 ‚
1636 2868 1698 2905 ac
1728 2847 1840 2904 sola
1866 2849 2047 2923 cogni·

319 2934 465 2990 tione
494 2932 703 2990 finitur.
739 2931 1098 2990 Commodius
1129 2946 1309 2991 autem
1339 2934 1459 2990 fieri
1483 2947 1652 3014 puto,
1677 2947 1738 2992 ut
1759 2934 1827 2992 de
1851 2935 2045 3017 Scrip-

321 3021 458 3078 turis
507 3018 705 3075 sanctis
763 3019 972 3100 aliquid
1026 3020 1339 3079 interseram
1358 3067 1372 3092 ,
1441 3043 1552 3101 quo
1610 3021 1825 3081 facilius
1874 3024 2046 3103 possit

320 3120 616 3185 utrumque
644 3103 908 3179 dignosci.

397 3196 475 3253 ll.
513 3190 871 3267 Evangelium
899 3213 1057 3251 suum
1090 3194 1329 3255 «Ioannes
1367 3198 1709 3272 Evangelista
1733 3199 1810 3259 sic
1831 3219 2047 3260 exorsus
