2144 3808
637 298 705 336 DE
747 296 1067 350 TRlNlTA'rE,
1117 300 1226 338 mn.
1279 303 1360 343 xi.
1754 283 1868 363 457

145 405 206 440 ea
235 402 361 462 quae
380 379 678 438 forinsecus
707 398 919 436 sensum
958 381 1206 459 corporis
1235 381 1512 456 formant,
1540 405 1651 442 non
1682 384 1872 442 lauda-

145 471 315 528 bilem
349 468 687 526 voluntatem
715 487 823 547 qua
854 465 978 524 haec
1002 466 1073 524 ad
1112 468 1244 526 utile
1281 468 1490 549 aliquid
1516 471 1743 542 referat,
1777 471 1870 530 sed

146 571 362 638 turpem
392 556 750 635 cupiditatem
793 574 901 633 qua
936 553 1023 611 his
1060 554 1384 615 inhaerescat
1405 604 1420 628 ‚
1464 560 1858 619 accommodat.

146 647 290 716 Quia
316 643 474 701 etiam
496 643 739 700 detracta
761 641 939 721 specie
961 644 1206 722 corporis
1228 666 1357 725 quae
1379 646 1737 727 corporaliter
1754 669 1869 704 sen-

146 733 384 792 tiebatur
401 778 416 803 ,
441 743 683 789 remanet
704 732 761 788 in
787 731 1044 790 memoria
1066 731 1367 791 similitudo
1392 740 1526 810 ejuS‚
1552 756 1664 815 quo
1683 756 1868 793 rursus

144 821 396 880 voluntas
421 831 703 877 convertat
731 818 900 875 aciem
922 864 937 889 ‚
972 831 1035 876 ut
1059 819 1188 877 inde
1217 820 1482 879 formetur
1511 823 1862 894 intrinsecuS‚

146 910 286 968 sicut
311 929 371 964 ex
396 927 626 985 corpore
655 905 872 980 objecto
912 906 1152 965 sensibili
1181 929 1363 966 sensus
1395 911 1722 968 extrinsecus
1748 910 1867 968 for-

148 996 418 1054 mabatur.
452 996 626 1073 Atque
647 993 723 1050 ita
747 992 922 1049 fitilla
946 994 1155 1052 trinitas
1175 1017 1234 1053 ex
1258 997 1518 1054 memoria
1537 1043 1550 1067 ,
1579 1010 1631 1054 et
1652 999 1867 1054 interna

147 1085 379 1153 visione,
418 1095 472 1139 et
506 1102 632 1161 quae
662 1093 958 1159 utrumque
992 1083 1215 1161 copulat
1241 1084 1538 1143 voluntate.
1591 1085 1734 1156 Quae
1764 1085 1883 1142 triae

141 1194 266 1230 cum
290 1172 347 1229 in
376 1191 545 1228 unum
570 1181 872 1244 coguntur,
901 1169 972 1226 ab
993 1169 1114 1249 ipso
1138 1185 1333 1230 coactu
1355 1172 1611 1247 cogitatio
1634 1172 1856 1231 dicitur.

142 1261 254 1318 Nec
275 1264 391 1335 jam
421 1259 477 1316 in
502 1258 588 1315 his
607 1256 791 1314 tribus
809 1255 1020 1314 diversa
1047 1258 1348 1317 substantia
1380 1273 1474 1319 est.
1509 1261 1698 1339 Neque
1722 1261 1865 1317 enim

141 1361 234 1405 aut
263 1368 465 1427 corpus
491 1344 629 1403 illud
661 1342 910 1401 sensibile
938 1343 1019 1402 ibi
1048 1358 1126 1402 est
1148 1392 1163 1417 ,
1199 1346 1351 1426 quod
1392 1347 1615 1405 omnino
1659 1346 1867 1405 discre-

64 1473 65 1476 =
143 1449 255 1493 tum
280 1447 360 1492 est
379 1434 450 1492 ab
477 1431 763 1490 animantis
787 1444 983 1488 natura
1001 1478 1016 1503 ,
1055 1445 1148 1490 aut
1176 1455 1358 1492 sensus
1377 1434 1622 1515 corporis
1643 1434 1724 1491 ibi
1743 1434 1864 1491 for-

140 1536 320 1582 matur
343 1535 402 1580 ut
422 1523 517 1579 fiat
533 1521 689 1592 visi0‚
711 1531 807 1577 aut
827 1519 946 1598 ipsa
962 1520 1213 1579 voluntas
1233 1522 1292 1580 id
1312 1522 1422 1598 agit
1438 1535 1500 1580 ut
1514 1521 1864 1580 formandum

140 1633 353 1670 sensum
394 1609 637 1668 sensibili
678 1609 898 1687 corpori
938 1608 1257 1679 admoveat,
1299 1611 1358 1667 in
1377 1631 1548 1691 eoque
1570 1609 1866 1668 formatum

140 1700 377 1758 detineat
410 1720 423 1754 :
456 1698 548 1756 sed
579 1718 682 1778 pro
726 1696 819 1754 illa
862 1698 1039 1776 specie
1083 1698 1332 1778 corporis
1373 1719 1500 1778 quae
1539 1698 1869 1755 sentiebatur

139 1788 464 1847 extrinsecus
486 1833 500 1854 ‚
549 1783 794 1842 succedit
839 1786 1098 1842 memoria
1147 1786 1382 1843 retinens
1432 1785 1583 1843 illam
1629 1785 1864 1865 speciem
1948 1822 1951 1824 -

140 1898 304 1957 quam
337 1897 435 1955 per
467 1874 711 1953 corporis
739 1893 954 1930 sensum
980 1873 1254 1931 combibit
1279 1875 1458 1931 anima
1481 1898 1496 1941 ;
1528 1895 1740 1953 proque
1767 1873 1861 1931 illa

139 1965 344 2023 visione
365 1984 493 2044 quae
512 1962 644 2020 foris
666 1974 781 2019 erat
804 1982 930 2019 cum
957 1982 1143 2019 sensus
1163 1983 1222 2020 ex
1245 1983 1475 2042 corpore
1497 1962 1737 2020 sensibili
1759 1961 1867 2037 forf

142 2066 413 2122 maletat,
461 2050 706 2109 succedit
739 2050 885 2110 intus
930 2050 1118 2107 similis
1151 2050 1322 2122 visi0,
1362 2067 1493 2108 cum
1531 2071 1591 2108 ex
1626 2072 1688 2108 eo
1715 2050 1866 2130 quod

141 2140 402 2199 memoria
425 2152 592 2208 tenet,
615 2137 884 2196 formatur
906 2139 1043 2195 acies
1066 2138 1232 2195 animi
1254 2184 1268 2208 ,
1296 2150 1350 2195 et
1373 2138 1615 2195 absentia
1636 2159 1868 2216 corpora

141 2229 453 2305 cogitantur
477 2249 491 2284 ε
520 2226 880 2305 voluntasque
907 2225 1025 2303 ipsa
1054 2225 1334 2304 quomodo
1357 2224 1488 2282 foris
1515 2225 1735 2304 corpori
1760 2225 1868 2282 ob-

135 2320 285 2390 jecto
310 2313 663 2373 formandum
689 2333 901 2370 sensum
927 2311 1286 2384 admovebat,
1314 2311 1720 2392 formatumque
1740 2317 1871 2388 jun-

143 2404 335 2480 gebat,
369 2403 445 2460 sic
471 2402 641 2460 aciem
670 2400 1009 2467 recordantis
1039 2401 1205 2459 animi
1233 2401 1503 2460 convertit
1540 2400 1608 2459 ad
1652 2421 1867 2466 memo-

142 2492 278 2549 riam
301 2536 316 2561 ,
352 2503 413 2547 ut
438 2511 498 2547 ex
520 2511 582 2547 eo
605 2488 755 2569 quod
782 2488 872 2547 illa
897 2488 1121 2546 retinuit
1137 2535 1152 2560 ,
1186 2490 1286 2547 ista
1308 2488 1576 2547 formetur
1598 2536 1613 2561 ,
1644 2502 1698 2546 et
1720 2489 1788 2546 sit
1809 2489 1867 2547 in
1904 2540 1912 2546 .

144 2578 468 2655 cogitatione
494 2577 682 2635 similis
705 2577 860 2636 visi0.
902 2577 1058 2635 Sicut
1085 2590 1265 2635 autem
1287 2577 1494 2635 ratione
1516 2577 1867 2635 discerneba-

142 2679 234 2724 tur
268 2667 469 2746 species
504 2665 735 2723 visibilis
771 2686 880 2744 qua
924 2686 1106 2722 sensus
1143 2665 1386 2744 corporis
1415 2664 1780 2737 formabatur,
1815 2678 1868 2722 et

143 2759 256 2830 ejus
287 2752 586 2810 similitudo
609 2772 734 2832 quae
769 2752 938 2810 fiebat
958 2753 1016 2809 in
1039 2773 1196 2810 sensu
1219 2752 1453 2809 formato
1483 2764 1545 2809 ut
1567 2765 1700 2809 esset
1732 2753 1867 2811 visio
1904 2767 1908 2772 “

149 2843 168 2912 (
184 2841 426 2920 alioquin
447 2841 521 2897 ita
553 2854 707 2898 erant
732 2845 1046 2916 conjunctae
1064 2886 1078 2912 ‚
1110 2854 1172 2898 ut
1199 2842 1422 2898 omnino
1444 2860 1554 2897 una
1574 2839 1871 2922 eademque

146 2926 502 3010 putaretur);
531 2928 606 2985 sic
640 2927 732 2985 illa
754 2927 1048 3006 phantasia
1066 2973 1081 2998 ‚
1111 2948 1238 2986 cum
1276 2927 1487 2985 animus
1507 2928 1708 3003 cogitat
1741 2951 1871 3009 spe-

147 3017 286 3074 ciem
307 3015 407 3071 visi
440 3015 685 3093 corporis
704 3061 718 3086 ‚
756 3034 882 3072 cum
919 3027 1128 3072 constet
1155 3036 1216 3073 ex
1243 3015 1491 3094 corporis
1517 3014 1872 3074 similitudine

147 3123 312 3182 quam
338 3101 598 3159 memoria
622 3114 800 3172 tenet,
833 3114 886 3158 et
911 3122 971 3158 ex
996 3123 1056 3160 ea
1076 3122 1203 3183 quae
1223 3101 1352 3160 inde
1381 3101 1650 3161 formatur
1670 3104 1730 3162 in
1758 3105 1872 3162 acie

148 3189 485 3251 recordantis
516 3188 715 3257 animi3
748 3202 928 3249 tamen
957 3189 1033 3250 sic
1058 3210 1165 3252 una
1194 3203 1248 3249 et
1281 3190 1568 3267 singularis
1604 3203 1866 3272 apparet,
