2144 3808
259 295 378 367 348
795 317 839 355 s.
893 284 1200 355 Ausus‘rmi
1243 314 1500 354 EPIsCOPI

258 409 312 455 et
349 396 451 455 Dei
483 397 688 479 estqui
729 396 913 471 dedit,
958 412 1012 457 et
1037 411 1217 457 noster
1250 397 1347 477 qui
1372 396 1700 477 accepimus
1740 396 1867 456 Non
1903 398 1995 458 ille

258 484 483 567 spiritus
509 499 691 544 noster
713 509 824 568 quo
853 509 1038 546 sumus
1061 535 1075 559 ‚
1105 488 1235 568 quia
1266 486 1380 566 ipse
1402 486 1625 566 spiritus
1654 500 1732 544 est
1757 486 1997 546 hominis

259 574 357 655 qui
383 573 442 632 in
470 574 592 654 ipso
620 588 698 632 est
727 597 741 632 :
778 574 871 633 sed
903 575 1008 634 alio
1039 575 1205 633 modo
1233 574 1333 632 iste
1368 587 1551 631 noster
1571 589 1683 645 est,
1712 595 1824 656 quo
1852 574 2038 634 dici-4

258 683 380 722 mus
430 676 484 721 et
512 685 526 720 ι
556 663 804 721 «Panem
850 677 1099 722 nostrum
1143 663 1213 721 da
1257 661 1466 721 nobis1.
1508 689 1535 715 >2
1580 665 1911 744 Quanquam
1946 676 2000 723 et

259 750 420 809 illum
454 751 709 831 spiritum
747 753 846 833 qui
887 753 1128 811 hominis
1166 751 1394 822 dicitur,
1445 751 1634 832 utique
1661 753 1992 832 accepimus,

258 865 285 891 ε(
309 838 462 911 Quid
494 840 640 897 enim
660 839 861 912 habeS‚
900 841 1110 921 inquit,
1144 839 1294 921 quod
1332 861 1444 897 non
1485 841 1799 923 accepisti'2.
1836 840 1995 899 »Sed

259 926 410 985 aliud
433 927 686 1008 estquod
714 930 1025 1009 accepimus
1061 943 1123 987 ut
1156 950 1389 987 essemus
1411 975 1425 1000 ,
1461 929 1614 987 aliud
1649 929 1801 1010 quod
1831 950 1995 987 acce-

260 1015 446 1096 pimus
465 1029 527 1073 ut
547 1017 722 1074 sancti
739 1037 988 1075 essemus,
1023 1017 1182 1074 Unde
1205 1018 1476 1096 scriptum
1502 1030 1580 1074 est
1602 1030 1655 1074 et
1679 1017 1747 1075 dc
1766 1018 1799 1074 J
1803 1038 1999 1087 oanne,

259 1104 411 1185 quod
438 1104 497 1161 in
526 1104 724 1184 spiritu
752 1117 806 1161 et
836 1105 1038 1163 virtute
1072 1105 1206 1163 Eliae
1229 1105 1469 1162 veniret3
1500 1127 1514 1162 ε
1547 1105 1727 1164 dictus
1750 1119 1828 1164 est
1859 1105 1995 1181 Elyiae

261 1192 487 1272 spiritus
507 1239 522 1263 ‚
548 1192 757 1251 scilicet
773 1193 1012 1274 Spiritus
1032 1207 1249 1252 sanctus
1266 1215 1426 1274 quem
1446 1195 1660 1275 accepit
1682 1195 1843 1254 Elias.
1877 1195 1999 1253 Hoc

261 1293 316 1338 et
360 1280 428 1338 de
471 1282 657 1362 Moyse
696 1282 1114 1357 intelligendum
1163 1295 1242 1340 est
1260 1329 1274 1353 ‚
1321 1304 1450 1340 cum
1493 1279 1567 1340 ait
1609 1283 1656 1340 ei
1700 1282 2004 1340 Dominus:

268 1396 296 1423 «
320 1369 537 1428 'l'ollam
575 1369 644 1428 de
674 1370 872 1451 spiritu
908 1385 1001 1429 tuo
1022 1418 1036 1441 ,
1066 1385 1119 1429 et
1147 1371 1295 1429 dabo
1319 1372 1393 1430 eis
1415 1371 1435 1407 ί*
1468 1393 1481 1428 2
1517 1397 1544 1424 »
1574 1371 1683 1429 hoc
1712 1385 1791 1430 est
1811 1418 1825 1442 ,
1863 1370 2009 1429 dabo

268 1458 376 1518 illis
398 1459 469 1518 de
485 1460 699 1540 Spiritu
719 1474 932 1532 sanem,
953 1483 1116 1543 quem
1135 1466 1254 1537 jam
1277 1461 1381 1519 tibi
1400 1461 1546 1521 dedi.
1576 1462 1632 1519 Si
1650 1483 1775 1537 ergo
1790 1474 1843 1518 et
1857 1459 2010 1542 quod

266 1547 455 1620 datur,
501 1549 842 1629 principium
889 1549 1064 1608 habet
1104 1571 1230 1608 eum
1280 1573 1309 1608 a
1344 1571 1458 1632 quo
1503 1550 1688 1621 datur,
1732 1550 1861 1630 quia
1900 1569 2013 1608 non

267 1636 488 1695 aliunde
521 1639 735 1718 accepit
770 1638 911 1697 illud
941 1638 1094 1719 quod
1139 1639 1209 1696 ab
1251 1639 1373 1720 ipso
1416 1639 1698 1719 procedit3
1728 1637 2013 1696 fatendum

266 1738 347 1783 est
369 1723 583 1783 Patrem
599 1739 653 1784 et
680 1725 880 1784 Filium
897 1727 1240 1807 principium
1262 1748 1373 1785 esse
1402 1727 1641 1807 Spiritus
1669 1725 1866 1797 sancti,
1901 1734 2015 1783 'non

270 1813 382 1873 duo
403 1815 713 1896 principia:
736 1815 830 1874 sed
862 1817 1005 1874 sicut
1027 1817 1191 1894 Pater
1212 1830 1265 1874 et
1286 1816 1455 1874 Filius
1477 1837 1619 1875 unus
1647 1818 1791 1873 Deus
1813 1861 1828 1887 ‚
1863 1827 1916 1873 et
1942 1812 2014 1872 ad

270 1917 576 1962 creaturam
599 1903 821 1963 relative
851 1926 993 1962 unus
1016 1918 1231 1963 creator
1259 1918 1312 1963 et
1335 1926 1477 1963 unus
1500 1905 1800 1973 ])ominUS‚
1832 1902 1910 1960 sic
1931 1923 2012 1960 re-

270 1992 436 2051 lative
469 1991 540 2050 ad
581 1991 853 2072 Spiritum
878 2006 1128 2052 sanctum
1158 2015 1330 2052 unum
1353 1993 1736 2074 principium:
1773 1990 1840 2049 ad
1867 2011 2014 2049 crea-

275 2094 454 2138 turam
496 2100 623 2138 vero
668 2082 832 2139 Pater
881 2093 935 2138 et
980 2080 1149 2140 Filius
1191 2094 1245 2139 et
1294 2081 1532 2162 Spiritus
1572 2092 1790 2138 sanctus
1841 2098 2016 2136 unum

271 2170 612 2251 principium
633 2216 647 2240 ‚
682 2169 825 2228 sicut
848 2190 990 2228 unus
1020 2184 1233 2229 creator
1259 2183 1313 2228 et
1336 2191 1475 2228 unus
1503 2168 1792 2228 DominuS.
1899 2178 1901 2180 ’

353 2259 504 2319 XVI.
539 2259 779 2318 Ulterius
810 2272 992 2318 autem
1017 2260 1309 2342 quaeritur,
1335 2273 1523 2318 utrum
1547 2256 2017 2340 quemadmodum

270 2348 443 2407 Filius
466 2370 580 2406 non
607 2348 720 2406 hoc
750 2362 967 2407 tantum
985 2350 1190 2408 habeat
1214 2348 1488 2408 nascendo
1518 2362 1581 2406 ut
1606 2347 1776 2406 Filius
1800 2347 1868 2406 sit
1885 2393 1901 2418 ,
1924 2343 2020 2404 sed

272 2436 498 2495 omnino
531 2449 593 2494 ut
624 2436 694 2494 sit
719 2462 734 2506 3
777 2438 855 2497 sic
886 2452 941 2495 et
967 2438 1208 2519 Spiritus
1238 2452 1456 2497 sanctus
1485 2458 1548 2496 eo
1579 2458 1691 2517 quo
1720 2435 1883 2494 datur
1909 2434 2019 2492 ha·-

273 2526 397 2597 bet‚
426 2547 537 2584 non
559 2538 778 2585 tantum
805 2540 867 2584 ut
892 2526 1103 2587 donum
1124 2527 1194 2588 sit
1215 2574 1230 2600 ,
1258 2527 1351 2585 sed
1373 2526 1599 2585 omnino
1620 2538 1683 2584 ut
1697 2524 1765 2583 sit
1793 2546 1806 2581 ε
1834 2536 2021 2582 utrum

273 2634 401 2691 ergo
430 2626 546 2671 erat
579 2627 877 2694 antequam
923 2614 1170 2687 daretur,
1209 2614 1303 2672 sed
1334 2612 1582 2672 nondum
1617 2624 1734 2670 erat.
1769 2610 1979 2669 donum
2002 2656 2017 2681 ‚

273 2724 345 2760 an
374 2723 438 2760 eo
462 2701 583 2782 ipso
609 2723 722 2783 quo
752 2702 981 2762 daturus
1012 2717 1128 2762 erat
1156 2724 1283 2762 eum
1311 2702 1458 2760 Deus
1478 2748 1492 2772 ‚
1520 2705 1632 2776 jam
1670 2699 1881 2758 donum
1906 2710 2023 2756 erat

274 2803 330 2852 et
358 2803 650 2871 antequam
686 2790 927 2852 daretur.
974 2791 1082 2850 Sed
1121 2792 1164 2849 si
1193 2812 1305 2849 non
1331 2787 1585 2870 procedit
1617 2787 1723 2845 nisi
1752 2808 1879 2846 cum
1909 2784 2016 2844 da-

274 2892 389 2950 tur,
422 2901 523 2936 nec
554 2880 879 2959 procederet
908 2880 1100 2960 utique
1126 2879 1279 2960 prius
1304 2897 1472 2958 quam
1490 2889 1625 2935 esset
1647 2875 1739 2934 cui
1763 2875 2016 2942 daretur3

275 2966 555 3047 quomodo
583 2972 702 3041 jam
730 2982 844 3026 erat
878 2969 999 3049 ipsa
1037 2966 1375 3037 substantia,
1416 2966 1459 3023 si
1493 2987 1604 3023 non
1642 2977 1723 3023 est
1755 2962 1860 3021 nisi
1889 2961 2023 3041 quia

273 3054 437 3113 datur
464 3075 479 3110 ε
514 3054 655 3112 sicut
690 3055 858 3114 Filius
884 3077 995 3115 non
1030 3068 1248 3113 tantum
1273 3067 1336 3112 ut
1363 3053 1630 3112 sit'Filius
1648 3099 1662 3125 ,
1699 3049 1851 3132 quod
1870 3047 2015 3107 rela-

267 3143 378 3205 tive
414 3141 642 3214 dicitur,
674 3142 768 3201 sed
813 3144 1039 3203 omnino
1072 3156 1135 3205 ut
1177 3143 1246 3202 sit
1271 3143 1451 3224 ipsam
1495 3140 1859 3200 substantiam
1886 3159 2016 3198 nas·

338 3248 352 3276 ¹
371 3240 522 3290 natm.
545 3258 606 3301 vx,
631 3257 697 3291 u.
714 3263 772 3278 —
789 3243 809 3277 2
829 3258 847 3288 x
871 3249 963 3292 Cor.
981 3259 1041 3296 xv.
1064 3260 1106 3301 7.
1129 3265 1185 3284 -
1202 3243 1335 3294 ⁸Lue.
1362 3258 1404 3303 x,
1427 3256 1494 3300 ¹7·
1512 3241 1606 3280 ——4
1626 3243 1750 3289 Num.
1768 3253 1829 3302 xx,
1857 3252 1933 3293 ινμ
