2144 3808
582 343 651 383 nn
695 339 1017 396 ΤιιιΝιΤΑτΕ,
1065 342 1175 383 tm.
1227 346 1303 383 1v.
1707 323 1826 387 305

100 424 384 502 Evangelli
405 471 420 497 ,
475 423 627 503 quod
668 423 990 500 intelligitur
1025 423 1086 482 in
1130 425 1239 483 fine
1283 422 1447 483 dieil.
1494 426 1652 484 Unde
1693 426 1833 488 libet

94 536 221 591 ergo
252 513 517 593 incipiaS,
553 512 717 570 etiam
747 513 790 571 si
818 513 924 571 alia
947 513 1086 572 ratio
1115 512 1273 572 reddi
1296 525 1512 594 potest,
1545 516 1826 594 quomodo

94 624 204 662 non
241 603 309 660 sit
340 614 533 659 contra
567 601 927 678 Evangelium
957 602 1212 675 Joannis,
1241 615 1303 661 ut
1329 602 1469 661 hora
1497 602 1656 660 tertia
1678 603 1827 680 ligno

91 712 380 773 suspensus
417 690 798 768 intelligatur:
837 705 1015 751 totum
1039 691 1184 750 diem
1228 693 1472 772 primum
1512 714 1623 751 non
1671 713 1831 752 com-

90 781 408 863 prehendis,
466 782 610 857 Ergo
655 804 687 838 a
725 795 881 861 parte
914 795 1150 841 extrema
1185 794 1332 840 totus
1374 783 1826 862 computabitur,

91 870 235 929 sicut
264 870 456 929 tertius
487 891 518 926 a
544 881 704 948 parte
738 869 936 949 prima.
978 871 1099 928 Nox
1129 869 1276 927 enim
1305 890 1478 949 usque
1510 868 1578 928 ad
1607 869 1834 930 dilucu-

88 957 205 1017 lum
226 1004 240 1028 ‚
272 978 386 1038 quo
425 957 651 1015 Domini
683 958 1006 1016 resurrectio
1045 957 1320 1016 declarata
1348 970 1458 1031 cst,
1499 957 1570 1016 ad
1608 958 1833 1017 tertium

90 1045 236 1104 diem
277 1045 518 1126 pertinet
537 1091 552 1117 ,
595 1045 727 1124 quia
772 1047 918 1104 Deus
954 1046 1051 1126 qui
1100 1045 1235 1104 dixit
1272 1046 1340 1104 de
1375 1046 1615 1105 tenebris
1651 1045 1835 1105 lucem

90 1133 412 1192 clarescere2
428 1179 442 1202 ‚
468 1147 531 1192 ut
551 1154 653 1212 per
676 1133 907 1209 gratiam
933 1133 1077 1194 Novi
1098 1134 1432 1192 Testamenti
1448 1146 1502 1192 et
1525 1134 1831 1216 participa-

91 1220 295 1280 tionem
321 1220 728 1279 resurrectionis
760 1222 968 1280 Christi
998 1221 1312 1280 audiremus
1340 1243 1354 1279 ε
1401 1249 1428 1275 c<
1455 1228 1497 1280 F
1504 1223 1656 1281 uistis
1683 1224 1832 1284 enim

91 1335 119 1363 2>
145 1310 443 1390 aliquando
471 1310 716 1368 tenebrae
734 1356 748 1381 ,
773 1331 923 1369 nunc
953 1323 1133 1369 autem
1153 1310 1245 1368 lux
1268 1311 1326 1368 in
1351 1311 1627 1370 Domino-³
1659 1333 1673 1368 ε
1699 1339 1726 1365 »
1750 1311 1835 1369 in-

90 1398 271 1457 sinuat
295 1400 458 1458 nobis
486 1398 728 1479 quodam
755 1400 920 1458 modo
948 1400 1101 1482 quod
1131 1422 1161 1458 a
1180 1414 1340 1458 nocte
1366 1399 1479 1458 dies
1508 1413 1688 1459 sumat
1716 1401 1829 1459 ini-

90 1489 247 1548 tium.
299 1489 457 1547 Sicut
493 1489 638 1547 enim
677 1490 847 1569 primi
871 1490 998 1548 dies
1031 1503 1259 1570 propter
1304 1490 1554 1549 futurum
1594 1490 1834 1548 hominis

90 1575 310 1657 lapsum
343 1600 373 1635 a
398 1577 520 1635 luce
541 1578 600 1635 in
629 1577 884 1635 nocteml‘
901 1625 916 1650 ,
949 1579 1025 1636 ita
1046 1579 1134 1636 isti
1161 1592 1394 1658 propter
1413 1578 1653 1637 hominis
1675 1600 1841 1662 repa-⁴

90 1668 360 1723 rationem
386 1688 414 1723 a
434 1666 669 1724 tenebris
695 1666 766 1724 ad
788 1665 970 1724 lucem
991 1680 1406 1747 computantur.
1437 1667 1525 1725 Ab
1543 1666 1684 1725 hora
1705 1688 1832 1742 ergo

89 1754 283 1812 mortis
307 1775 483 1835 usque
512 1754 580 1812 ad
604 1754 914 1812 diluculum
937 1754 1345 1812 resurrectionis
1371 1754 1529 1812 horae
1550 1767 1677 1813 sunt
1701 1774 1836 1834 qua-

91 1842 347 1919 draginta
373 1889 388 1915 ,
427 1857 490 1902 ut
523 1843 685 1902 etiam
713 1844 831 1924 ipsa
873 1843 1012 1901 hora
1040 1864 1186 1901 nona
1234 1842 1673 1902 connumeretur.
1725 1842 1832 1901 Cui

93 1952 322 1990 numero
346 1932 601 2008 congruit
629 1931 793 1990 etiam
814 1931 926 1991 vita
948 1935 994 2006 ej
1004 1953 1063 1989 us
1093 1952 1258 2012 super
1285 1944 1486 1989 terram
1506 1943 1635 2011 post
1654 1951 1829 1988 resur-

89 2019 387 2078 rectionem
427 2020 487 2078 in
524 2019 889 2100 quadraginta
933 2019 1146 2079 diebu‘S.
1201 2021 1272 2076 Et
1315 2032 1394 2077 est
1432 2019 1533 2077 iste
1572 2039 1833 2077 numerus

87 2107 553 2189 frequentissimus
580 2109 639 2167 in
663 2107 963 2189 Scripturis
991 2107 1061 2166 ad
1089 2106 1484 2165 insinuandum
1506 2107 1830 2187 mysterium

88 2195 438 2275 perfectionis
457 2196 515 2254 in
534 2196 940 2276 quadripartito
961 2195 1190 2254 mundo.
1220 2195 1445 2252 Habent
1469 2195 1615 2252 enim
1631 2215 1827 2275 quam-

90 2281 217 2341 dam
243 2283 636 2363 perfectionem
666 2284 855 2342 decem
875 2331 889 2354 ‚
928 2297 983 2341 et
1010 2305 1071 2341 ea
1101 2297 1295 2364 quater
1323 2281 1692 2363 multiplicata
1735 2281 1826 2341 fa·-

91 2371 246 2447 ciunt
271 2372 654 2452 quadraginta.
695 2373 740 2430 A
767 2393 988 2453 vespere
1011 2385 1192 2431 autem
1221 2371 1517 2452 sepulturae
1554 2392 1726 2452 usque
1755 2371 1828 2429 ad

91 2459 401 2518 diluculum
434 2461 841 2519 resurrectionis
869 2461 1094 2537 triginta
1131 2483 1217 2518 sex
1236 2460 1392 2519 horae
1425 2473 1583 2532 sunt,
1621 2460 1720 2541 qui
1746 2472 1828 2517 cst

91 2547 395 2628 quadratus
439 2550 694 2608 senarius,
741 2548 1000 2607 Refertur
1041 2562 1221 2606 autem
1263 2547 1333 2606 ad
1368 2547 1517 2605 illam
1557 2548 1827 2605 rationem

91 2635 275 2716 simpli
308 2636 379 2694 ad
420 2635 687 2717 duplum,
724 2637 822 2695 ubi
848 2650 926 2695 est
954 2635 1320 2718 coaptationis
1356 2635 1589 2694 maxima
1623 2656 1826 2693 conso-

92 2723 298 2784 nantia.
337 2724 645 2783 Duodecim
672 2726 816 2783 enim
840 2725 909 2783 ad
933 2726 1130 2802 viginti
1155 2737 1393 2806 quatuor
1412 2722 1611 2803 simplo
1634 2722 1704 2781 ad
1724 2722 1828 2782 du-

91 2810 250 2891 plum
284 2812 651 2885 conveniunt,
676 2826 730 2871 et
749 2815 893 2871 fiunt
915 2814 1139 2889 triginta
1164 2835 1250 2870 sex
1280 2835 1293 2869 ε
1322 2832 1425 2870 nox
1452 2823 1569 2869 tota
1590 2831 1718 2870 cum
1739 2811 1830 2869 die

92 2912 207 2958 toto
230 2913 283 2958 et
309 2913 468 2959 nocte
495 2914 612 2959 tota
637 2948 651 2973 ,
685 2923 863 2983 neque
893 2903 1002 2961 hoc
1028 2903 1140 2960 sine
1167 2902 1263 2960 illo
1289 2912 1629 2959 sacramento
1670 2898 1826 2981 quod

92 3009 258 3067 supra
279 2990 594 3049 memoravi.
625 2992 668 3048 N
677 3011 749 3048 on
775 2991 1010 3049 absurde
1032 2990 1243 3070 quippe
1267 2988 1524 3069 spiritum
1549 2986 1657 3065 diei
1677 2985 1827 3046 com'-

91 3097 348 3156 paramus
370 3123 385 3148 ,
419 3098 621 3157 corpus
645 3091 826 3136 autem
851 3079 1022 3138 nocti.
1059 3078 1414 3136 Dominicum
1449 3075 1594 3134 enim
1625 3097 1826 3157 corpus

91 3165 150 3222 in
172 3177 346 3222 morte
369 3187 432 3223 ac
456 3167 844 3224 resurrectione
867 3212 882 3238 ,
916 3180 969 3224 ct
1008 3167 1232 3247 spiritus
1270 3165 1440 3224 nostri
1477 3165 1704 3240 figuram
1727 3210 1742 3237 ‚
1776 3176 1830 3221 et

152 3270 167 3300 ¹
195 3269 319 3313 Marc.
338 3283 402 3318 xv,
425 3278 495 3317 42.
516 3292 575 3300 —
595 3269 616 3298 2
640 3285 661 3311 2
680 3274 773 3313 Cor.
795 3284 849 3322 xv,
869 3273 912 3312 6.
935 3294 993 3301 —
1013 3267 1032 3299 3
1050 3269 1197 3326 Ephes.
1218 3286 1258 3321 v,
1279 3271 1319 3313 8.
1337 3291 1393 3300 ——
1412 3264 1430 3297 ⁴
1454 3269 1558 3308 Gen.
1581 3282 1622 3307 1.

306 3355 554 3394 CXXXVII·
1558 3350 1632 3389 20
