2144 3808
306 332 380 373 20
819 331 863 371 S.
916 329 1224 370 AUGUSTINI
1265 330 1522 370 EPISCOPI

305 417 608 477 Christum.
660 416 774 492 Ego
802 427 985 472 autem
1016 413 1141 472 dico
1163 460 1178 486 ,
1221 414 1332 471 imo
1357 414 1630 474 catholica
1664 415 1826 489 fides,
1867 438 2031 498 quam

304 528 434 565 cum
471 503 716 564 Ecclesia
754 501 966 560 Christi
999 515 1186 572 tene0‚
1230 502 1820 563 Dominum‘nostrum
1852 509 2032 563 Jesum

302 586 589 655 Christum
613 595 690 652 sic
718 592 928 651 factum
961 612 1069 648 esse
1098 589 1343 650 Verbum
1374 612 1594 649 carnem
1617 639 1632 664 ,
1674 607 1737 652 ut
1775 594 1926 653 nulla
1963 594 2033 652 (le

297 685 545 744 humano
579 682 768 760 genere
796 693 849 737 et
880 679 948 737 de
969 678 1216 736 humana
1247 699 1408 736 carne
1443 682 1692 757 contagia
1728 696 2024 762 pateretur.

298 774 463 834 Venit
503 772 649 831 enim
687 767 991 838 mundare,
1039 785 1152 824 non
1195 766 1562 846 coinquinari.
1618 770 1872 850 Suscepit
1907 791 2033 846 ergo

298 863 537 922 animam
559 860 866 918 humanam
887 903 902 928 ‚
938 869 992 913 et
1017 877 1240 914 carnem
1271 855 1573 915 humanam
1608 857 1720 916 sine
1748 859 1858 917 ulla
1883 872 2035 939 peste

296 951 537 1029 contagii
562 974 576 1010 ι
606 964 660 1009 et
685 963 1015 1027 utrumque,
1043 945 1101 1004 id
1130 959 1241 1016 est,
1283 958 1336 1003 et
1373 947 1613 1005 animam
1643 947 1944 1007 humanam
1983 962 2037 1007 et

296 1062 518 1101 carnem
547 1039 852 1097 humanam
877 1083 890 1107 ‚
931 1035 989 1092 in
1015 1056 1068 1092 se
1104 1034 1225 1115 ipso
1264 1033 1472 1093 salvare
1503 1034 1758 1111 dignatus
1791 1050 1886 1096 est.
1928 1036 2037 1095 Sed

298 1130 430 1211 quia
463 1128 531 1187 de
555 1133 669 1204 ejus
701 1122 1076 1185 invisibilitate
1105 1122 1352 1194 veritati,
1391 1137 1662 1203 quantum
1697 1124 1857 1182 video
1878 1172 1892 1197 ‚
1925 1145 2037 1184 non

296 1219 378 1279 vis
408 1217 751 1298 acquiescere
770 1261 784 1286 ,
813 1234 946 1288 rogo
978 1224 1041 1269 ut
1062 1211 1261 1287 cogites
1293 1212 1598 1269 secundum
1624 1234 1844 1272 carnem
1869 1226 1923 1271 et
1959 1235 2036 1271 se-

295 1307 545 1366 cundum
564 1303 848 1363 hominem
869 1301 1033 1359 fuisse
1053 1300 1323 1359 visibilem
1350 1300 1655 1361 Christum.
1683 1303 1825 1360 Nam
1849 1323 2038 1360 secun-

295 1385 428 1454 dum
459 1395 518 1454 id
544 1392 697 1475 quod
721 1391 967 1450 Verbum
998 1403 1079 1446 est
1107 1392 1253 1447 Deus
1282 1389 1434 1468 apud
1466 1391 1640 1447 Deum
1661 1437 1676 1461 ,
1723 1404 1774 1448 et
1803 1391 1919 1471 ipse
1943 1391 2038 1448 in-

295 1484 530 1545 visibilis
546 1496 642 1541 est.
670 1479 950 1561 Sapientia
965 1478 1066 1536 Dei
1089 1491 1166 1535 est
1185 1477 1440 1535 Christus
1464 1501 1477 1536 :
1502 1479 1746 1538 humana
1770 1481 2038 1561 sapientia

295 1572 586 1634 invisibilis
615 1584 729 1639 ’est3
767 1582 822 1627 et
857 1567 960 1626 Dei
998 1567 1262 1647 sapientia
1296 1567 1526 1625 visibilis
1560 1568 1697 1626 erit.D
1743 1569 2035 1640 Quantum

295 1685 423 1740 ergo
455 1662 649 1720 attinet
676 1658 746 1716 ad
775 1657 928 1716 illam
958 1668 1213 1713 naturam
1249 1655 1307 1713 in
1333 1676 1441 1735 qua
1481 1657 1707 1736 aequalis
1738 1671 1817 1715 est
1848 1658 2031 1730 Patri,

296 1752 504 1834 pariter
531 1762 610 1807 est
637 1748 785 1805 Deus
803 1792 816 1816 ,
841 1744 1048 1825 pariter
1083 1743 1427 1823 omnipotens
1446 1791 1460 1815 ‚
1485 1746 1693 1825 pariter
1713 1747 2031 1818 invisibilis,

296 1840 507 1923 pariter
529 1833 872 1895 immortalis,
907 1831 1103 1889 Dixisti
1141 1831 1334 1903 etiam,
1355 1840 1642 1914 'quantum
1682 1833 1926 1906 adverti,
1959 1835 2037 1893 sic

299 1925 687 2009 accipiendum
710 1944 818 1981 esse
848 1919 1000 2001 quod
1027 1920 1102 1976 ait
1128 1920 1423 1999 Apostolus
1451 1943 1464 1977 ε
1503 1947 1528 1972 <e
1558 1918 1670 1993 Qui
1698 1922 1841 1980 solus
1866 1922 2039 1980 habet

298 2022 328 2073 >5
350 2009 858 2075 immortalitatem1
887 2031 901 2065 ε
933 2035 957 2061 >)
980 2020 1043 2065 ut
1069 2008 1126 2065 in
1160 2007 1269 2065 hac
1299 2010 1562 2067 sententia
1590 2010 1734 2068 solus
1764 2011 1926 2068 Pater
1950 2032 2037 2069 ac-

302 2106 417 2188 cipi
440 2103 655 2163 debeat.
689 2101 834 2175 Ergo
863 2097 1109 2157 Verbum
1144 2096 1244 2153 Dei
1267 2097 1495 2154 mortale
1516 2097 1596 2156 vis
1624 2102 1772 2157 esse?
1810 2099 2036 2179 Sapien-

301 2196 380 2255 tia
409 2193 511 2252 Dei
540 2213 653 2250 non
687 2203 767 2248 est
798 2185 1124 2246 immortalis
1154 2185 1457 2244 secundum
1497 2200 1566 2246 te.
1620 2188 1743 2245 Non
1783 2187 2038 2264 intelligis

304 2285 401 2367 qui
435 2306 547 2343 non
584 2280 850 2363 potuisset
888 2276 1001 2335 ullo
1050 2275 1216 2333 modo
1255 2277 1398 2333 mori
1436 2275 1632 2347 Filius,
1677 2277 1780 2335 nisi
1817 2299 2037 2336 carnem

303 2372 591 2433 mortalem
621 2367 940 2446 suscepisset
969 2387 997 2422 a
1022 2363 1222 2421 nobis?
1248 2364 1494 2444 Denique
1515 2385 1643 2422 caro
1682 2365 1739 2422 in
1761 2365 1858 2423 illo
1884 2387 2038 2424 mor-

305 2477 402 2522 tua
421 2474 520 2532 est,
547 2480 660 2517 non
681 2457 798 2537 ipse
817 2467 1067 2512 mortuus
1089 2465 1167 2509 est
1185 2466 1457 2533 quantum
1483 2452 1552 2511 ad
1576 2455 1753 2511 Deum
1776 2455 2032 2534 pertinet,

308 2565 579 2634 quantum
610 2546 680 2606 ad
711 2544 1054 2603 divinitatem
1090 2542 1307 2614 attinet,
1353 2564 1459 2622 qua
1497 2543 1722 2622 aequalis
1749 2557 1827 2601 est
1863 2545 2028 2603 Patri.

309 2642 402 2701 Sic
435 2639 581 2698 enim
613 2633 935 2694 hominibus
963 2632 1075 2690 ait:
1110 2658 1137 2684 c<
1165 2630 1345 2688 Nolite
1382 2631 1568 2687 timere
1600 2651 1689 2688 eos
1713 2632 1810 2711 qui
1834 2652 2038 2711 corpus

310 2757 338 2785 »
361 2727 655 2796 occidunt,
689 2737 741 2781 et
776 2735 965 2804 postea
995 2742 1108 2778 non
1139 2719 1350 2776 habent
1380 2718 1517 2797 quid
1546 2718 1780 2777 faciant-‘2
1809 2742 1822 2777 ι
1853 2747 1879 2773 »
1908 2720 2038 2801 quia

312 2817 494 2876 anima
516 2813 658 2872 mori
685 2833 798 2869 non
826 2822 1042 2890 potest;
1075 2807 1318 2865 Verbum
1347 2807 1448 2864 Dei
1489 2809 1630 2864 mori
1674 2812 1892 2887 potest?
1931 2809 2036 2866 Sa-

309 2903 519 2988 pientia
545 2899 648 2958 Dei
688 2898 828 2956 mori
869 2900 1083 2977 potest?
1122 2895 1443 2970 Unigenitus
1482 2894 1572 2952 ille
1613 2918 1723 2953 non
1760 2909 2037 2977 assumpta

312 3014 475 3054 carne
516 2988 656 3048 mori
693 2987 912 3068 potuit?
958 2987 1249 3064 Assumpta
1296 2997 1476 3042 autem
1510 3006 1670 3048 carne
1710 3007 1818 3066 qua
1860 2983 2036 3043 factus

312 3088 391 3142 est
418 3081 615 3149 homo,
651 3076 794 3134 sicut
824 3072 1090 3155 aequalem
1124 3094 1176 3130 se
1214 3072 1372 3131 novit
1396 3071 1619 3152 quando
1657 3072 1834 3130 dicit:
1869 3073 2035 3148 «Ego

311 3198 339 3226 >2
362 3184 416 3229 et
442 3170 603 3227 Pater
623 3185 796 3223 unum
831 3160 1073 3229 sumus33
1096 3188 1121 3214 ›>
1145 3161 1220 3219 sic
1242 3183 1293 3219 se
1317 3161 1471 3220 novit
1500 3162 1765 3220 minorem
1792 3182 1806 3218 t
1839 3187 1866 3215 «
1890 3160 2034 3233 Quia

370 3275 384 3304 ¹
415 3288 430 3314 1
455 3274 563 3316 Tim.
586 3284 649 3327 vx,
678 3271 745 3313 16.
771 3291 825 3299 —
845 3265 866 3296 ²
884 3265 983 3311 Luc.
1006 3279 1085 3318 xit,
1110 3272 1216 3314 4.-
1245 3262 1263 3296 3
1283 3268 1403 3308 Joan.
1432 3280 1470 3314 x,
1492 3268 1555 3308 30.
