2144 3808
641 322 712 361 ΒΕ
754 320 1076 374 ΤΒῙΝῙΤΑΤΕ,
1127 322 1236 361 mn.
1289 325 1343 364 v.
1648 352 1662 363 .
1765 306 1883 388 349

158 403 332 464 cendo
346 403 552 462 habet?
583 403 670 461 An
697 423 909 483 semper
930 401 1182 483 procedit
1216 403 1451 484 Spiritus
1465 419 1681 466 sanctus
1699 421 1753 467 et
1771 425 1886 470 non

158 513 219 551 ex
234 505 506 572 tempore,
535 489 628 547 sed
653 490 722 548 ab
751 491 1051 549 aeternitate
1066 491 1351 572 procedit3
1375 491 1467 551 sed
1497 493 1626 572 quia
1655 495 1732 554 sic
1753 517 1884 578 pro-

160 579 389 639 cedebat
421 591 482 636 ut
501 590 644 636 esset
673 577 959 649 donabile,
991 584 1108 655 jam
1134 579 1342 638 donum
1373 593 1488 640 erat
1514 594 1567 639 et
1592 595 1886 663 antequam

159 679 292 725 esset
324 667 416 724 cui
450 665 707 725 daretur?
748 665 917 724 Aliter
958 667 1102 725 enim
1145 667 1470 744 intelligitur
1508 690 1636 728 cum
1681 670 1887 730 dicitur

163 755 372 814 donum
392 801 406 826 ,
433 753 587 813 aliter
607 775 735 812 cum
762 753 968 812 dicitur
988 754 1270 816 donatum.
1305 756 1448 814 Nam
1478 756 1686 817 donum
1712 772 1895 839 potest

162 865 271 902 esse
295 856 348 902 et
376 855 669 924 antequam
699 842 896 911 detur3
925 843 1191 902 donatum
1219 857 1401 904 autem
1421 845 1526 904 nisi
1556 847 1745 906 datum
1778 846 1894 908 sue-

162 932 235 991 rit
261 931 417 990 nullo
446 930 613 989 modo
642 930 754 989 dici
779 944 975 1012 potest.
1139 947 1149 950 “

245 1020 425 1081 XVII.
459 1020 573 1078 Nec
603 1033 819 1079 moveat
839 1019 990 1100 quod
1015 1021 1253 1102 Spiritus
1270 1038 1486 1084 sanctus
1507 1046 1632 1084 cum
1658 1027 1728 1085 sit
1755 1047 1897 1086 coae-

164 1123 348 1169 ternus
371 1110 526 1167 Patri
555 1122 609 1167 et
637 1108 775 1167 Filio
798 1156 813 1181 ,
843 1109 1049 1168 dicitur
1080 1123 1258 1170 tamen
1285 1112 1495 1194 aliquid
1532 1136 1591 1173 ex
1617 1127 1908 1196 tempore„

165 1197 332 1259 veluti
352 1197 462 1255 hoc
477 1197 661 1277 ipsum
686 1196 837 1277 quod
858 1197 1123 1256 donatum
1140 1198 1389 1259 diximus
1414 1203 1556 1259 Nam
1574 1204 1899 1283 sempiterne

169 1287 408 1367 Spiritus
445 1285 691 1357 donum,
725 1286 1097 1366 temporaliter
1127 1301 1305 1346 autem
1343 1288 1627 1347 donatum.
1669 1291 1811 1348 Nam
1848 1305 1903 1350 et

92 1379 98 1385 “
168 1377 214 1434 si
234 1374 490 1432 dominus
520 1395 633 1431 non
665 1373 895 1446 dicitur,
928 1374 1029 1432 nisi
1052 1395 1179 1433 cum
1207 1376 1413 1435 habere
1439 1377 1635 1458 incipit
1657 1399 1896 1451 servum,

167 1464 332 1522 etiam
366 1463 468 1520 ista
513 1461 811 1542 appellatio
848 1461 1073 1523 relativa
1119 1485 1179 1521 ex
1202 1477 1449 1545 tempore
1475 1478 1552 1524 est
1590 1466 1705 1523 Deo
1741 1488 1754 1523 :
1788 1487 1903 1525 non

171 1551 317 1611 enim
363 1551 692 1631 sempiterna
739 1563 988 1609 creatura
1026 1565 1132 1623 est,
1181 1556 1338 1627 cujus
1378 1568 1456 1612 est
1495 1553 1586 1612 ille
1622 1553 1894 1616 dominus,

173 1639 469 1713 Quomodo
492 1660 618 1716 ergo
643 1639 1015 1697 obtinebimus
1036 1662 1137 1698 nec
1153 1640 1271 1720 ipsa
1288 1641 1509 1701 relativa
1525 1663 1634 1700 esse
1657 1643 1906 1702 acciden-

173 1729 248 1788 tia
266 1775 282 1801 ‚
315 1727 577 1808 quoniam
594 1727 738 1785 nihil
760 1726 962 1784 accidit
986 1728 1102 1785 Deo
1124 1729 1518 1809 temporaliter,
1537 1730 1666 1811 quia
1694 1753 1806 1789 non
1827 1745 1906 1791 est

175 1816 460 1896 mutabilis
482 1863 497 1888 ‚
530 1818 671 1875 sicut
692 1816 750 1874 in
778 1816 996 1874 exordio
1025 1817 1192 1892 hujus
1224 1817 1611 1898 disputationis
1643 1821 1909 1880 tractavi-

178 1927 319 1966 mus,
369 1906 511 1963 Ecce
557 1906 856 1963 Dominum
889 1926 998 1962 esse
1028 1927 1140 1962 non
1183 1907 1575 1987 sempiternum
1612 1907 1810 1980 habet,
1843 1930 1913 1967 ne

178 2015 439 2072 cogamur
469 1994 631 2052 etiam
661 1994 1046 2074 sempiternam
1075 2008 1381 2055 creaturam
1406 1995 1618 2069 dicere,
1652 1997 1782 2077 quia
1818 1997 1911 2055 ille

178 2083 504 2164 sempiterne
531 2105 641 2142 non
675 2082 1073 2155 dominaretur,
1117 2084 1221 2141 nisi
1261 2084 1422 2142 etiam
1454 2084 1555 2142 ista
1585 2085 1915 2166 sempiterne

177 2171 547 2231 famularetur.
587 2171 744 2229 Sicut
782 2184 963 2228 autem
993 2193 1105 2228 non
1135 2185 1316 2251 potest
1338 2193 1445 2230 esse
1471 2194 1654 2231 servus
1682 2173 1914 2253 quinon

178 2262 351 2321 habet
371 2261 682 2329 dominum,
711 2260 787 2316 sic
817 2281 916 2317 nec
942 2259 1198 2317 dominus
1228 2260 1328 2340 qui
1353 2282 1464 2318 non
1489 2261 1661 2318 habet
1678 2283 1913 2322 servum.

181 2355 253 2409 Et
282 2350 526 2429 quisquis
553 2347 792 2406 extiterit
831 2348 930 2429 qui
966 2361 1230 2406 aeternum
1267 2348 1501 2429 quidem·
1520 2349 1698 2407 Deum
1735 2350 1913 2409 solum

182 2438 352 2509 dicat,
379 2451 627 2516 tempora
653 2449 830 2494 autem
860 2457 971 2493 non
994 2457 1102 2494 esse
1123 2449 1326 2495 aeterna
1351 2451 1581 2517 propter
1600 2438 1916 2497 varietatem

183 2540 244 2586 et*
258 2525 679 2584 mutabilitatem
700 2571 714 2596 ‚
748 2524 841 2583 sed
864 2539 1111 2607 tempora
1136 2540 1318 2584 tamen
1337 2527 1525 2583 nonin
1550 2540 1790 2607 tempore
1809 2548 1919 2586 esse

185 2616 444 2697 coepisse3
487 2616 639 2694 (non
681 2614 826 2672 enim
871 2628 987 2672 erat
1026 2628 1244 2695 tempus
1280 2628 1570 2694 antequam
1614 2615 1921 2695 inciperent

187 2721 435 2786 tempora
452 2751 465 2775 ,
487 2718 539 2767 et
562 2704 684 2762 ideo
710 2725 818 2761 non
846 2704 901 2761 in
932 2717 1176 2784 tempore
1201 2704 1404 2761 accidit
1435 2705 1543 2760 Deo
1569 2716 1629 2761 ut
1652 2704 1919 2764 Dominus

189 2807 322 2854 esset
343 2839 356 2864 ,
388 2792 794 2873 quiaipsorum
825 2804 1136 2872 temporum
1171 2791 1437 2849 Dominus
1469 2804 1613 2860 erat,
1644 2813 1771 2871 quae
1803 2794 1920 2851 uti-

190 2891 436 2963 que‘non
467 2879 523 2937 in
564 2892 807 2960 tempore
847 2901 956 2937 esse
996 2879 1367 2959 coeperuntz)
1406 2878 1539 2958 quid
1569 2880 1923 2958 respondebit

193 2970 262 3028 de
289 2967 670 3047 110n1ine‚,qui
694 2969 751 3026 in
780 2981 1026 3047 tempore
1055 2967 1231 3024 factus
1267 2980 1346 3025 est
1365 3014 1379 3036 ‚
1408 2971 1563 3043 cujus
1587 2967 1774 3048 utique
1805 2971 1924 3029 Do-

194 3057 373 3117 minus
410 3077 520 3113 non
546 3068 674 3112 ‹erat
716 3069 1005 3135 antequam
1050 3068 1182 3114 esset
1222 3055 1314 3113 cui
1341 3060 1511 3114 esset?
1552 3058 1711 3115 Certe
1741 3058 1824 3117 vel
1864 3074 1926 3119 ut

197 3144 469 3205 Dominus
496 3143 739 3203 hominis
777 3156 945 3214 esset,
976 3165 1037 3202 ex
1069 3158 1314 3226 tempore
1345 3144 1550 3204 accidit
1592 3146 1708 3204 Deo
1737 3167 1750 3203 ε
1784 3162 1837 3205 et
1865 3162 1927 3208 ut

199 3233 375 3301 omnis
399 3231 596 3291 auferri
617 3232 869 3292 videatur
891 3233 1252 3293 controversia
1274 3280 1288 3305 ,
1322 3248 1465 3293 certe
1493 3247 1556 3293 ut
1582 3247 1713 3319 tuus
1742 3235 1932 3297 Domi-
