2144 3808
374 342 594 383 CONTRA
634 340 970 381 MAXIMINUM
1015 338 1304 392 ARIANUM‚
1353 340 1463 378 LIB.
1522 342 1582 380 11.
1720 340 1861 401 :117

130 440 242 487 esse
264 425 619 485 substantiae?
643 423 799 481 Sicut
829 436 1010 480 autem
1042 443 1233 481 verum
1268 421 1733 481 Filium'indicat.
1758 443 1869 480 una

132 516 434 575 substantia
453 561 467 584 ‚
491 513 578 571 sic
602 534 715 570 non
748 533 938 571 verum
968 512 1179 570 diversa
1209 510 1532 569 substantia.
1577 509 1872 581 Quomodo

135 618 319 663 autem
359 601 559 674 Filium
587 598 740 658 Patri
758 599 1002 657 similem
1030 598 1212 657 dicitis
1231 645 1246 670 ,
1270 599 1375 656 'cui
1417 598 1596 656 Patris
1617 598 1877 655 substan-

136 693 270 750 tiam
300 690 431 748 dare
458 712 568 749 non
598 689 804 749 vultis?
843 689 1281 747 Nonnesssimilis‘
1302 687 1518 745 homini
1553 701 1631 745 est
1659 687 1880 767 pictura

137 780 224 840 vel
255 793 430 838 statua
453 825 468 851 ‚
501 791 554 836 et
576 791 765 836 tamen·
783 775 928 835 filius
966 776 1077 851 dici
1106 799 1215 835 non
1247 790 1428 858 potest
1448 822 1462 847 ‚
1496 776 1626 855 quia
1664 774 1875 833 diversa

141 867 444 926 substantia
467 879 546 923 est
559 866 589 923 Ρ
610 866 793 924 Homo
815 862 1014 945 nempe
1039 864 1107 923 ad
1132 865 1234 922 Dei
1264 863 1675 922 similitudinem
1703 862 1880 920 factus

140 968 249 1024 est3
273 968 455 1013 tamen
473 955 603 1034 quia
622 975 734 1011 non
749 966 830 1011 est
851 954 1010 1011 unius
1033 954 1385 1034 ejusdemque
1403 952 1746 1023 substantiae,
1767 971 1879 1008 non

141 1056 222 1102 est
241 1064 400 1103 verus
424 1042 601 1110 filius;
631 1055 686 1099 et
713 1042 836 1100 ideo
867 1043 931 1111 fit
959 1043 1130 1117 gratia
1153 1042 1298 1100 filius
1319 1089 1333 1114 ‚
1366 1042 1497 1121 quia
1531 1062 1643 1098 non
1665 1053 1743 1098 est
1773 1061 1878 1097 na·-

142 1145 286 1190 tura.
322 1131 381 1189 Si
406 1152 533 1206 ergo
563 1129 727 1188 vultis
751 1131 853 1187 Dei
885 1129 1085 1188 Filium
1113 1152 1307 1189 verum
1333 1129 1584 1188 confiteri
1602 1175 1616 1200 ,
1637 1131 1789 1208 prius
1815 1127 1882 1185 il·-

121 1219 263 1279 'lum
290 1241 351 1277 ac
378 1219 661 1299 praecipue
681 1218 849 1276 dicite
874 1218 1036 1276 unius
1064 1217 1417 1299 ejusdemque
1441 1217 1758 1275 substantiae
1779 1262 1792 1287 ‚
1819 1227 1883 1273 ut

147 1322 412 1388 tanquam
437 1328 625 1366 verum
658 1306 857 1365 Filium
883 1320 936 1364 et
959 1307 1062 1365 Dei
1091 1307 1289 1365 Filium
1313 1328 1414 1387 per
1441 1306 1623 1363 omnia
1649 1303 1880 1362 similem

151 1396 303 1454 Patri
326 1417 433 1453 esse
462 1395 674 1455 dicatis,
698 1397 854 1453 'Nam
881 1417 1045 1475 quem
1067 1396 1425 1453 substantiam
1445 1392 1880 1474 putatishabere

151 1484 453 1552 diversam,
486 1484 611 1563 plus
632 1505 756 1541 eum
790 1483 1106 1541 dissimilem
1137 1505 1304 1564 quam
1332 1483 1563 1540 similem
1585 1480 1797 1550 dicitis,
1829 1492 1884 1536 et

154 1573 377 1630 omnino
394 1593 583 1630 verum
604 1572 800 1629 Filium
823 1571 1114 1647 denegatis,
1146 1575 1284 1630 Nam
1302 1571 1466 1630 vultis
1486 1592 1639 1628 nosse
1660 1617 1674 1638 ‚
1708 1568 1777 1627 ad
1801 1590 1884 1627 os·-

155 1659 488 1718 tendendum
519 1681 706 1717 verum
734 1659 909 1716 filium
945 1674 1214 1739 quantum
1239 1660 1416 1718 valeat
1451 1679 1558 1716 una
1589 1657 1885 1737 eademque

152 1748 455 1806 substantia
480 1770 494 1805 t
529 1749 738 1806 etiamsi
764 1747 907 1806 filius
925 1748 1164 1806 hominis
1180 1749 1350 1806 homo
1375 1748 1432 1805 in
1452 1746 1785 1828 quibusdam
1809 1745 1885 1803 si-

154 1836 298 1895 milis
314 1880 326 1902 1
351 1837 408 1894 111
429 1836 761 1916 quibusdam
787 1837 854 1894 sit
881 1836 1155 1894 dissimilis
1176 1837 1352 1915 patri3
1386 1850 1568 1894 tamen
1591 1835 1721 1916 quia
1745 1838 1884 1909 ejus-

157 1925 280 1983 dem
305 1926 624 1983 substantiae
639 1939 750 1992 est,
772 1927 955 2002 negari
976 1948 1134 1984 verus
1153 1927 1298 1984 filius
1318 1947 1428 1984 non
1444 1938 1630 2006 potest
1649 1924 1738 1992 {et
1759 1924 1888 2005 quia

157 2033 313 2073 verus
337 2027 414 2072 est
432 2014 576 2072 filius
593 2032 613 2082 ς
632 2013 816 2090 negari
833 2014 1071 2091 ejusdem
1094 2016 1417 2073 substantiae
1439 2036 1549 2072 non
1565 2027 1762 2093 potest.
1781 2013 1888 2070 Vos

164 2115 343 2160 autem
364 2103 439 2160 ita
461 2100 642 2161 dicitis
665 2124 855 2162 verum
882 2105 983 2162 Dei
1008 2104 1206 2172 Filium
1223 2104 1451 2161 similem
1475 2104 1649 2174 Patri,
1678 2116 1738 2160 ut
1759 2102 1887 2160 sub-

164 2191 375 2249 stantiae
387 2191 564 2250 velitis
578 2213 687 2249 esse
705 2191 954 2262 diversae,
974 2214 1249 2271 perquam
1265 2189 1433 2250 Solam
1452 2204 1629 2272 potest
1644 2191 1788 2248 filius
1800 2211 1892 2249 ve-

163 2299 255 2335 rus
270 2279 498 2344 ostendi.
533 2281 675 2337 Nam
703 2279 814 2336 duo
837 2279 951 2338 veri
973 2279 1222 2337 homines
1240 2327 1254 2351 ,
1281 2282 1380 2337 etsi
1405 2279 1589 2338 nullus
1611 2300 1800 2336 eorum
1829 2280 1894 2336 fi-

165 2365 272 2422 lius
293 2366 360 2423 sit
379 2366 624 2433 alteriUS‚
654 2366 814 2423 11111115
834 2379 1014 2424 tamen
1039 2381 1164 2425 sunt
1186 2381 1238 2425 et
1264 2366 1501 2443 ejusdem
1533 2366 1850 2425 substantiae
1872 2388 1886 2424 :

168 2453 337 2511 homo
363 2468 545 2511 autem
571 2452 786 2511 alterius
806 2454 1047 2512 hominis
1081 2456 1238 2513 verus
1264 2455 1409 2514 filius
1424 2455 1576 2513 nullo
1602 2455 1768 2513 modo
1789 2475 1898 2535 po-

124 2564 128 2570 *
170 2553 270 2598 test
296 2540 400 2598 nisi
422 2539 662 2616 ejusdem
693 2561 818 2598 cum
851 2555 1006 2621 patre
1030 2563 1139 2599 esse
1164 2543 1484 2601 substantiae
1502 2589 1518 2614 ,
1550 2543 1759 2601 etiamsi
1785 2564 1900 2600 non

170 2628 239 2686 sit
266 2649 366 2708 per
389 2628 574 2686 omnia
596 2627 783 2685 similis
821 2630 988 2708 patri.
1029 2630 1303 2700 Quocirca
1336 2651 1492 2688 verus
1523 2631 1624 2688 Dei
1649 2631 1816 2688 Filius
1843 2643 1897 2688 et

175 2716 335 2774 unius
363 2737 490 2778 cum
514 2717 678 2773 Patre
702 2717 1021 2776 substantiae
1041 2732 1151 2790 est,
1180 2719 1310 2799 quia
1334 2740 1493 2778 verus
1514 2718 1682 2777 Filius
1710 2733 1822 2801 est3
1845 2733 1900 2778 et

174 2825 275 2885 per
303 2804 485 2861 omnia
520 2817 598 2861 est
628 2805 780 2862 Patri
814 2805 1002 2864 similis
1023 2853 1037 2876 ‚
1072 2806 1201 2886 quia
1232 2807 1333 2865 Dei
1371 2806 1539 2864 Filius
1573 2819 1668 2865 est.
1708 2808 1923 2887 Neque-

173 2893 318 2951 enim
339 2892 478 2949 sicut
498 2892 767 2968 contingit
785 2893 842 2951 in
860 2894 984 2952 filiis
1002 2895 1294 2953 hominum
1313 2895 1399 2954 vel
1418 2915 1894 2977 quorumcumque

179 2979 498 3039 animalium
514 3026 527 3049 ‚
553 2980 630 3037 ita
654 2979 730 3038 fas
751 2996 829 3039 est
852 2981 1032 3041 dicere
1049 3030 1062 3054 ‚
1086 3005 1275 3041 verum
1301 2984 1403 3041 Dei
1426 2982 1624 3041 Filium
1650 2983 1898 3042 substan-

182 3068 272 3126 tiae
296 3067 520 3148 quidem
544 3068 704 3125 unius
731 3091 840 3127 esse
869 3073 1182 3129 euthatre
1204 3118 1219 3142 ‚
1250 3071 1342 3130 sed
1362 3093 1475 3129 non
1495 3092 1596 3151 per
1615 3071 1798 3130 omnia
1819 3072 1898 3130 si-

181 3157 367 3215 milem
389 3156 559 3215 Patri.
585 3157 873 3216 Nicaenum
893 3160 1062 3235 igitur.
1077 3173 1251 3218 tenete
1270 3160 1561 3219 nobiscum
1580 3159 1896 3231 concilium,

187 3245 231 3304 si
252 3243 414 3302 vultis
446 3243 728 3304 Christum
750 3245 928 3304 dicere
956 3268 1145 3307 verum
1177 3247 1278 3306 Dei
1301 3247 1516 3308 Filium.
