2144 3808
668 288 738 328 nn
781 286 1097 341 rinmunt,
1146 289 1256 331 nn.
1310 292 1349 333 1.
1753 277 1863 357 ¹89

148 375 299 436 omni
324 396 382 434 re
403 392 571 454 quam
593 373 741 428 Deus
757 382 1036 449 operatur,
1070 384 1123 429 et
1149 383 1331 430 tamen
1357 374 1653 454 quamdam
1672 398 1866 437 vocem

147 467 325 526 Patris
353 461 609 532 sonuisse,
641 479 770 540 quae
790 480 888 519 vox
917 459 1038 518 Filii
1082 483 1193 520 non
1221 462 1290 520 sit
1325 487 1341 532 3
1391 463 1450 521 in
1480 485 1642 523 carne
1680 481 1863 526 autem

148 569 367 625 natum,
398 564 452 610 et
476 569 694 631 passum
715 594 732 621 ,
773 560 828 606 et
862 551 1222 623 resurrexisse,
1254 563 1308 608 et
1348 551 1405 610 in
1435 552 1641 611 coelum
1673 576 1862 613 ascen-

147 643 284 702 disse
320 638 534 700 nonnisi
562 635 794 705 Filium3
832 637 890 694 in
917 636 1193 696 columbae
1226 652 1404 703 autem
1439 640 1619 720 specie
1659 642 1864 700 venisse

145 728 362 788 nonnisi
387 726 651 808 Spiritum
682 736 928 783 sanctum
957 746 972 781 ι
1002 723 1301 802 intelligere
1327 725 1549 798 volunt,
1590 728 1866 808 quomodo

144 830 199 876 et
215 815 368 875 illam
394 834 606 883 vocem,
635 831 761 891 quae
775 811 990 869 nonnisi
1017 812 1194 870 Patris
1213 811 1343 885 fuit,
1379 814 1615 874 Trinitas
1642 815 1860 885 fecerit3

140 918 198 963 et
225 903 377 963 illam
400 921 618 960 carnem
640 944 655 970 ,
686 899 747 957 in
771 919 883 978 qua
910 899 1129 958 nonnisi
1156 900 1324 959 Filius
1350 901 1419 960 de
1447 903 1666 979 Virgine
1707 917 1867 962 natus

143 1005 244 1065 est,
269 990 456 1049 eadem
479 988 717 1046 Trinitas
735 987 1025 1055 creaverit3
1055 1000 1109 1046 et
1126 986 1279 1047 illam
1310 989 1585 1049 columbae
1603 991 1836 1071 speciem
1850 1039 1866 1065 ,

144 1080 202 1138 in
231 1099 343 1161 qua
366 1075 583 1136 nonnisi
608 1074 846 1156 Spiritus
865 1088 1083 1134 sanctus
1108 1077 1386 1157 apparuit,
1417 1078 1510 1148 illa
1530 1079 1649 1159 ipsa
1679 1080 1868 1138 Trini-

147 1180 228 1226 tas
247 1177 467 1247 operata
483 1164 568 1223 sit.
601 1162 865 1243 Alioquin
888 1184 1001 1221 non
1022 1162 1459 1244 inseparabiliter
1478 1167 1715 1225 Trinitas
1739 1188 1868 1248 ope-

143 1267 319 1327 ratur,
348 1251 441 1311 sed
470 1251 576 1310 alia
593 1252 756 1309 Pater
783 1250 939 1323 facit,
973 1250 1077 1308 alia
1098 1251 1290 1324 Filius,
1324 1253 1430 1312 alia
1452 1254 1688 1335 Spiritus
1716 1277 1868 1315 sanc-

144 1357 234 1402 tus
262 1364 278 1400 :
308 1354 403 1399 aut
428 1339 473 1398 si
496 1338 752 1420 quaedam
771 1338 934 1397 simul
949 1337 1180 1410 faciunt,
1203 1340 1457 1420 quaedam
1485 1342 1598 1400 sine
1611 1342 1867 1418 invicem,

135 1435 252 1506 jam
273 1450 386 1488 non
400 1425 775 1507 inseparabilis
798 1437 876 1483 est
901 1426 1154 1486 Trinitas,
1190 1428 1374 1487 Movet
1394 1429 1558 1488 etiam
1580 1431 1860 1510 quomodo

143 1517 382 1598 Spiritus
405 1527 621 1574 sanctus
646 1514 705 1571 in
728 1513 994 1572 Trinitate
1046 1514 1147 1587 sit,
1183 1535 1347 1596 quem
1395 1538 1496 1576 nec
1544 1519 1734 1591 Pater,
1761 1540 1863 1578 nec

142 1605 334 1676 Filius,
367 1624 467 1663 nec
489 1602 651 1661 ambo
682 1601 984 1678 genuerint,
1011 1622 1141 1660 cum
1172 1604 1240 1660 sit
1268 1604 1506 1683 Spiritus
1537 1618 1590 1663 et
1610 1607 1786 1666 Patris
1812 1620 1868 1665 et

141 1691 283 1752 Filii.
321 1690 465 1764 Quia
493 1710 619 1766 ergo
669 1701 928 1769 quaerunt
966 1689 1068 1747 ista
1096 1689 1346 1750 homines
1367 1739 1382 1763 ,
1415 1706 1468 1750 et
1497 1692 1664 1752 taedio
1712 1695 1874 1754 nobis

142 1793 307 1848 sunt;
338 1780 383 1838 si
424 1777 560 1860 quid
586 1777 721 1836 hinc
750 1797 810 1835 ex
848 1776 994 1835 dono
1036 1778 1137 1836 Dei
1162 1779 1305 1859 sapit
1330 1781 1620 1840 infirmitas
1662 1796 1867 1856 nostra,

142 1870 496 1929 edisseramus
524 1867 600 1926 eis
636 1878 697 1924 ut
733 1886 1044 1947 possumu8‚
1075 1888 1250 1948 neque
1281 1891 1409 1931 cum
1436 1869 1644 1931 invidia
1684 1872 1867 1931 tabes-

142 1971 298 2018 cente
347 1959 448 2017 iter
493 1955 796 2014 habeamus
819 1953 863 2012 1.
907 1954 965 2012 Si
1014 1954 1250 2015 dicimus
1271 1954 1414 2016 nihil
1445 1979 1544 2017 nos
1572 1958 1641 2017 de
1670 1959 1872 2020 talibus

142 2048 304 2106 rebus
320 2045 556 2124 cogitare
582 2042 772 2116 solere,
804 2044 1101 2102 mentimur
1124 2066 1138 2102 ε
1175 2045 1220 2102 si
1248 2058 1431 2105 autem
1458 2046 1694 2106 fatemur
1721 2048 1873 2107 babi-

144 2150 258 2208 tare
279 2135 382 2194 ista
403 2134 461 2194 in
477 2131 902 2210 cogitationibus
917 2133 1134 2204 nostriS,
1156 2134 1419 2212 quoniam
1433 2136 1682 2216 rapimur
1696 2159 1777 2195 am
1786 2158 1878 2196 ore

141 2222 469 2300 indagandae
495 2220 757 2292 veritatiS,
786 2220 1035 2295 flagitant
1058 2224 1182 2295 jure
1212 2222 1497 2283 charitatis
1528 2237 1589 2282 ut
1623 2224 1697 2283 eis
1720 2225 1873 2287 indi-

144 2331 328 2370 cemus
355 2309 493 2391 quid
513 2309 648 2367 hinc
670 2307 972 2383 excogitare
1001 2309 1373 2388 potuerimus:
1400 2338 1426 2364 <‹
1452 2312 1578 2370 Non
1605 2313 1735 2394 quia
1755 2317 1873 2389 jam

145 2425 173 2452 ‚2
191 2398 514 2477 acceperim,
542 2409 640 2454 aut
661 2394 931 2476 perfectus
958 2394 1062 2453 sim
1082 2396 1105 2432 2
1114 2424 1177 2468 ,›>
1195 2398 1343 2475 (nam
1359 2400 1403 2457 si
1423 2399 1629 2459 Paulus
1652 2414 1871 2482 aposto-

141 2485 250 2558 luS,
275 2483 668 2565 quantomagis
694 2503 820 2559 ergo
839 2482 999 2558 longe
1030 2442 1172 2542 iusia
1202 2484 1346 2544 illius
1373 2486 1574 2568 pedes
1553 2509 1738 2563 jacens
1759 2510 1871 2547 non

144 2594 231 2631 me
254 2573 491 2632 arbitror
521 2570 1024 2652 apprehendisse?)
1055 2572 1146 2630 sed
1180 2595 1283 2653 pro
1296 2575 1536 2634 modulo
1565 2597 1706 2643 meo,
1739 2577 1782 2634 si
1809 2597 1872 2634 ea

145 2681 271 2740 quae
297 2674 440 2719 retro
462 2672 588 2719 sunt
625 2658 919 2718 obliviscor
938 2705 952 2730 ,
979 2660 1110 2718 etin
1141 2663 1408 2721 anteriora
1429 2684 1515 2722 me
1540 2663 1789 2735 extende,
1814 2677 1868 2723 et

145 2748 476 2808 secundum
462 2748 819 2807 intentionem
843 2768 1038 2829 sequor
1067 2748 1137 2807 ad
1162 2750 1400 2830 palmam
1429 2773 1680 2832 supernae
1709 2773 1870 2812 voca-

149 2838 329 2907 tioniS,
365 2851 632 2918 quantum
663 2837 902 2915 ejusdem
931 2837 1035 2896 viae
1077 2840 1409 2920 peregerim,
1455 2854 1509 2899 et
1537 2863 1646 2923 quo
1670 2863 1805 2923 perv
1808 2864 1871 2900 e-

146 2926 343 2997 nerim,
371 2924 516 2984 unde
540 2926 751 2987 mihim
765 2926 929 2984 finem
952 2926 1191 3008 reliquus
1215 2949 1403 2987 cursus
1424 2943 1524 3002 est,
1545 2943 1604 2988 ut
1637 2930 1877 3010 aperiam

149 3012 486 3072 desideratur
532 3036 562 3071 a
600 3035 707 3084 me,
736 3014 842 3073 illis
877 3014 1307 3074 desiderantibus
1342 3017 1546 3097 quibus
1569 3039 1654 3075 me
1677 3017 1875 3078 servire

149 3102 294 3177 cogit
320 3101 490 3161 libera
516 3101 771 3160 charitaS.
819 3102 1053 3183 Oportet
1089 3117 1296 3175 autem,
1345 3118 1395 3162 et
1428 3103 1661 3164 donabit
1688 3106 1829 3164 Deus
1848 3151 1862 3175 ,

211 3206 221 3232 ¹
243 3207 333 3259 Sap.
355 3218 411 3259 vr,
442 3206 509 3249 25.
537 3228 590 3236 --
612 3203 631 3233 2
654 3204 798 3260 Philip.
823 3219 894 3256 ιιι,
926 3221 989 3248 12.
