2144 3808
650 308 724 348 niz
765 307 1088 361 ΤΜΝῙΤΑΤΕ,
1135 309 1246 350 Lm.
1298 310 1363 350 11.
1761 295 1872 354 261

155 388 452 472 aliquando
475 389 661 460 Filius,
687 388 983 468 aliquando
1002 389 1237 469 Spiritus
1254 403 1501 459 sanctus;
1541 414 1609 450 an
1635 393 1749 452 sine
1770 394 1883 454 ulla

156 478 502 537 distinctione
517 498 897 557 personarum,
919 478 1060 536 sicut
1076 477 1301 549 dicitur,
1322 479 1469 535 Deus
1491 499 1632 537 unus
1645 494 1697 538 et
1711 482 1880 554 soluS,

155 567 213 627 id
234 580 332 638 est,
363 566 599 624 Trinitas
626 566 768 646 ipsa,
807 588 905 646 per
932 565 1052 624 illas
1091 580 1358 624 creaturae
1400 564 1604 623 formas
1627 569 1889 628 Patribus

158 654 494 735 apparuerit,
516 653 856 729 interrogatis
878 675 1005 734 quae
1037 654 1318 735 potuimus
1348 666 1617 735 quantum
1647 655 1889 715 sufficere

156 745 330 802 visum
380 757 458 801 est
508 755 816 801 sanctarum
848 743 1257 823 Scripturarum
1305 741 1468 811 lociS,
1514 741 1658 800 nihil
1713 743 1886 818 aliud,

157 845 425 912 quantum
441 831 705 901 existimO,
737 829 1051 889 divinorum
1081 842 1545 889 sacramentorum
1575 830 1819 890 modesta
1838 846 1894 891 et

157 932 316 978 cauta
346 918 706 978 consideratio
726 919 1041 1001 persuadet,
1073 919 1176 977 nisi
1196 931 1257 977 ut
1278 932 1478 976 temere
1503 940 1614 976 non
1644 918 1891 980 dicamus

158 1027 413 1088 quaenam
438 1029 498 1065 ex
523 1008 800 1067 'Trinitate
829 1030 1061 1089 persona
1111 1007 1341 1066 'cuilibet
1378 1011 1606 1066 Patrum
1650 1007 1736 1067 vel
1765 1013 1898 1068 Pro-

155 1095 452 1178 phetarum
476 1097 535 1155 in
555 1097 739 1180 aliquo
769 1119 1002 1178 corpore
1019 1096 1106 1156 vel
1135 1095 1496 1155 similitudine
1523 1097 1771 1177 corporis
1797 1120 1895 1178 ap-

156 1184 423 1266 paruerit,
456 1185 560 1244 nisi
583 1209 711 1246 cum
735 1187 1071 1246 continentia
1094 1185 1342 1245 lectionis
1366 1184 1548 1267 aliqua
1579 1186 1896 1266 probabilia

158 1272 533 1354 circumponit
549 1275 774 1336 indicia.
797 1277 924 1357 Ipsa
946 1276 1089 1334 enim
1110 1287 1328 1346 natura,
1348 1273 1435 1332 vel
1458 1274 1897 1346 substantia,vel

159 1361 408 1433 essentia,
431 1362 515 1421 vel
542 1364 792 1444 quolibet
826 1365 930 1423 alio
969 1364 1190 1422 nomine
1218 1362 1609 1444 appellandum
1642 1376 1720 1422 est
1742 1363 1898 1444 idip-

159 1471 277 1507 sum
303 1449 453 1529 quod
475 1451 616 1510 Deus
647 1465 746 1524 est,
765 1452 1039 1533 quidquid
1056 1452 1195 1510 illud
1219 1465 1318 1522 est,
1341 1450 1699 1532 corporaliter
1720 1451 1897 1510 videri

159 1560 272 1597 non
300 1551 479 1619 potest
507 1562 521 1599 ε
568 1562 666 1621 per
691 1543 996 1617 subjectam
1033 1564 1160 1599 vero
1191 1555 1498 1600 creaturam
1517 1587 1532 1612 ,
1576 1562 1688 1599 non
1717 1540 1895 1599 solum

162 1626 385 1697 Filium,
412 1628 498 1686 vel
513 1629 780 1709 Spiritum
805 1644 1055 1689 sanctum
1075 1630 1166 1688 sed
1193 1631 1357 1688 etiam
1386 1634 1598 1688 Patrem
1622 1630 1898 1711 corporali

161 1716 338 1796 specie
369 1717 479 1775 sive
508 1718 864 1778 similitudine
888 1719 1212 1778 mortalibus
1258 1719 1502 1777 sensibus
1545 1719 1895 1794 significatio-

161 1826 284 1861 nem
316 1805 396 1862 sui
420 1805 548 1863 dare
577 1809 816 1888 potuisse
857 1809 1191 1867 credendum
1213 1822 1308 1868 est.
1349 1810 1490 1881 Quae
1512 1830 1640 1867 cum
1665 1809 1741 1866 ita
1759 1808 1890 1877 sint,

162 1912 230 1949 ne
257 1892 667 1955 immoderatius
696 1897 1079 1979 progrediatur
1125 1897 1350 1956 secundi
1391 1897 1560 1974 hujus
1603 1895 1897 1955 voluminis

160 1979 480 2058 longitud03
504 2005 566 2043 ea
593 2006 720 2066 quae
746 2000 978 2059 restant,
1002 1987 1061 2046 in
1088 1986 1551 2069 consequentibus
1580 1984 1885 2046 videamus
