2144 3808
647 211 717 248 mz
762 166 1083 261 T'nlnerTE,
1133 212 1242 249 Ltss.
1297 211 1420 250 v111.
1769 194 1878 270 391

159 305 212 353 et
240 292 508 374 quidquid
544 292 692 350 aliud
722 293 790 350 ad
810 314 862 350 se
886 312 1230 370 unaquaeque
1259 293 1340 349 ibi
1370 315 1597 372 persona
1622 341 1636 364 ,
1665 294 1750 352 vel
1769 296 1888 375 ipsa

159 382 398 446 Trinitas
427 382 649 447 dicitur.
688 380 926 459 ideoque
951 379 1063 442 dici
1094 391 1198 441 tres
1214 401 1498 458 personas,
1527 382 1612 440 vel
1640 396 1743 440 tres
1764 383 1893 441 sub-

158 472 412 545 stantias,
461 492 571 535 nou
602 484 663 543 ut
694 469 877 549 aliqua
913 468 1250 544 intelligatur
1289 460 1851 531 diversitas‘essentiae
1874 519 1888 544 ‚

158 560 250 622 sed
278 573 340 622 ut
371 560 457 620 vel
500 580 609 623 uno
645 558 830 638 aliquo
881 557 1150 639 vocabulo
1184 557 1499 638 responderi
1530 560 1732 639 possit,
1767 583 1894 620 cum

157 650 361 712 dicitur
383 649 519 730 quid
545 662 651 709 tres
669 695 683 721 ‚
718 648 803 710 vel
827 648 964 730 quid
988 648 1128 729 tria3
1157 655 1478 728 tantamque
1506 670 1619 707 esse
1655 651 1890 731 aequali-

76 788 77 791 ,
159 751 325 799 tatem
354 739 411 800 iu
441 760 501 797 ea
524 739 569 796 T
576 738 795 800 rinitate
815 784 830 808 ‚
859 751 920 795 ut
942 758 1053 817 non
1087 736 1262 809 solum
1287 739 1449 794 Pater
1476 759 1588 795 non
1613 738 1681 806 sit
1713 744 1890 814 major

154 846 324 907 quam
359 825 525 887 Filius
542 872 557 897 ,
589 826 740 907 quod
763 821 956 886 attinet
988 825 1059 885 ad
1083 818 1457 897 divinitatem,
1487 826 1580 883 sed
1605 848 1705 884 nec
1725 833 1889 885 Pater

156 921 210 975 et
230 914 396 975 Filius
415 914 576 976 simul
606 920 787 995 maJus
814 914 1024 995 aliquid
1045 915 1154 973 sint
1178 937 1347 995 quam
1380 915 1618 995 Spiritus
1649 929 1888 987 sanctus,

157 1017 252 1065 aut
272 1003 482 1087 singula
502 1025 738 1084 quaeque
756 1006 987 1085 persona
1003 1005 1269 1085 quaelibet
1289 1005 1457 1077 trium
1479 1005 1661 1063 minus
1685 1004 1893 1086 aliquid

69 1097 74 1102 '
155 1093 224 1171 sit
244 1113 414 1173 quam
443 1093 562 1172 ipsa
586 1093 842 1153 Trinitas
879 1094 1044 1152 Dicta
1073 1106 1200 1152 sunt
1222 1094 1379 1165 haee,
1405 1107 1459 1151 et
1483 1094 1530 1153 si
1552 1094 1753 1175 saepius
1777 1115 1893 1154 ver

154 1182 326 1245 sando
354 1195 706 1263 repetantur,
745 1182 1069 1243 familiarius
1105 1183 1333 1264 quidem
1365 1183 1765 1242 innotescunt.
1800 1183 1895 1242 sed

155 1284 210 1331 et
240 1269 436 1331 modus
465 1270 661 1352 aliquis
690 1270 1042 1341 adhibendus
1062 1283 1169 1340 est,
1211 1273 1435 1351 Deoque
1459 1257 1890 1352 supplicandum

156 1359 503 1439 devotissima
530 1361 766 1440 pietate,
806 1374 869 1420 ut
896 1359 1235 1422 intellectum
1268 1360 1507 1441 aperiat,
1554 1373 1610 1418 et
1645 1360 1890 1419 studium

156 1447 520 1524 contentionis
543 1449 825 1521 absumat,
853 1470 965 1530 quo
980 1450 1153 1529 possit
1172 1462 1353 1525 mente
1372 1448 1521 1507 cerni
1543 1448 1769 1508 essentia
1792 1469 1891 1507 ve-

155 1536 332 1599 ritatis
355 1582 369 1606 ‚
411 1536 524 1597 sine
564 1536 677 1597 ulla
713 1538 887 1615 mole,
938 1538 1052 1596 sine
1080 1537 1190 1595 ulla
1225 1537 1548 1609 mobilitate.
1591 1537 1754 1595 Nunc
1781 1538 1892 1594 ita-

155 1645 292 1705 que,
320 1624 381 1699 in
403 1637 676 1708 quantum
711 1626 828 1707 ipse
859 1625 1084 1702 adjuvat
1128 1626 1354 1685 Creator
1381 1627 1516 1684 mire
1554 1625 1888 1696 misericors,

157 1701 499 1775 attendamus
538 1714 694 1787 haee,
737 1737 864 1796 quae
902 1715 1068 1775 modo
1111 1715 1367 1774 interiore
1396 1737 1565 1798 quam
1608 1714 1891 1796 superiora

91 1878 93 1881 Α
156 1803 537 1876 ’1155131111η115,
557 1825 687 1863 cum
707 1804 814 1864 sint
832 1805 1019 1875 eadem
1042 1827 1056 1862 1
1082 1819 1289 1878 serrata
1309 1804 1402 1863 illa
1423 1804 1630 1882 regula,
1657 1818 1719 1863 ut
1736 1804 1887 1886 quod

155 1891 457 1953 intellectui
490 1906 677 1954 nostro
703 1894 955 1954 nondum
977 1894 1246 1968 5111115111,
1264 1917 1296 1952 a
1323 1894 1583 1953 firmitate
1615 1893 1744 1966 fidei
1775 1915 1887 1970 noxn

157 1981 485 2063 dimittatur,

238 2072 313 2131 ΙΙ.
366 2070 619 2144 Dicimus
642 2071 786 2132 enim
814 2093 927 2130 non
948 2093 1054 2130 esse
1075 2072 1135 2130 in
1160 2071 1268 2130 hac
1297 2071 1566 2135 Trinitate
1586 2074 1763 2147 majus
1790 2071 1887 2129 ali-

155 2159 292 2240 quid
329 2158 465 2217 duas
498 2172 594 2217 aut
624 2173 730 2218 tres
768 2181 1024 2239 personas
1060 2181 1224 2239 quam
1272 2181 1435 2219 unam
1472 2181 1695 2230 earum,
1737 2159 1887 2239 quod

155 2269 268 2309 non
295 2247 446 2327 capit
469 2247 811 2310 consuetudo
843 2247 1110 2317 carnaIiS‚
1145 2269 1259 2307 non
1293 2247 1367 2307 ob
1397 2246 1578 2319 aliud,
1623 2247 1727 2306 nisi
1761 2249 1889 2327 quia

155 2358 283 2398 vera
317 2357 444 2416 quae
473 2348 656 2394 creata
690 2348 816 2406 sunt
844 2336 1005 2394 sentit
1037 2336 1342 2417 0111015515
1381 2338 1666 2395 veritatem
1708 2349 1890 2394 autem

101 2472 103 2474 v
156 2424 332 2505 ipsam
360 2446 470 2506 qua
498 2437 678 2483 creata
702 2437 828 2497 sunt
855 2446 965 2483 non
991 2438 1174 2506 potest
1202 2425 1404 2484 intueri
1428 2448 1441 2483 z
1465 2447 1592 2484 nam
1622 2426 1664 2483 si
1686 2439 1885 2506 posset,

156 2514 310 2574 nullo
339 2514 505 2572 modo
533 2527 666 2572 esset
696 2514 788 2573 lux
815 2515 914 2573 ista
941 2536 1206 2615 corpolea
1235 2514 1570 2576 manifestior
1589 2535 1683 2597 qu
1671 2537 1754 2573 1111
1779 2515 1889 2574 hoc

158 2603 310 2685 quod
341 2604 592 2669 diximus.
638 2605 704 2662 In
731 2604 1032 2676 substantia
1068 2605 1278 2686 quippe
1312 2605 1589 2675 veritatiS,
1629 2606 1894 2704 quoniam

158 2694 270 2752 sola
301 2715 425 2752 vere
446 2707 562 2766 est,
597 2715 710 2752 non
730 2707 809 2752 est
837 2700 1013 2771 major
1039 2694 1254 2775 aliqua,
1294 2694 1396 2752 nisi
1427 2715 1552 2774 quae
1579 2694 1757 2751 17511115
1786 2708 1882 2755 cst.

160 2782 451 2862 ssuidquid
487 2795 668 2857 autem
701 2783 1044 2883 intelligibile
1092 2797 1253 2865 atque
1295 2781 1750 2856 incommutabile
1777 2795 1890 2854 est,

158 2894 269 2946 non
309 2871 461 2930 aliud
506 2856 613 2930 alio
641 2873 820 2945 verius
857 2887 969 2944 est,
1009 2874 1138 2954 quia
1177 2894 1332 2953 aeque
1369 2871 1894 2940 incommutabiliter

160 2975 425 3020 aeternum
459 2972 539 3018 est
574 2982 589 3018 1
632 2981 732 3030 nec
765 2960 916 3041 quod
958 2960 1039 3019 ibi
1084 2978 1346 3036 magnum
1387 2959 1624 3030 dicitur,
1675 2959 1896 3020 aliunde

159 3070 420 3124 magnum
462 3062 572 3120 est,
623 3070 789 3130 quam
835 3071 897 3108 eo
941 3071 1052 3130 quo
1097 3071 1222 3109 vere
1260 3062 1354 3109 est.
1406 3050 1758 3130 Quapropter
1793 3050 1890 3108 ubi

159 3137 482 3215 magnitudo
510 3138 628 3219 ipsa
652 3139 850 3198 veritas
875 3152 990 3212 est,
1023 3139 1300 3223 quidquid
1327 3138 1452 3221 plus
1478 3138 1650 3198 habet
1678 3140 1896 3218 magni-
