2144 3808
654 263 723 301 nn
766 265 1086 317 Tn1N1rATE,
1135 267 1245 306 Lm.
1299 269 1350 306 x.
1749 257 1857 326 431

139 342 396 402 nescienti
443 344 660 402 dicatur
679 343 974 423 quamdam
1003 365 1111 402 esse
1143 345 1472 418 doctrinam,
1502 371 1612 430 qua
1640 353 1870 434 quisque

140 430 340 502 valeat,
373 433 621 512 quamvis
648 432 820 507 longe
835 432 1068 502 absenti,
1100 433 1266 500 verba
1289 435 1506 494 mittere
1529 455 1712 508 manu
1723 442 1866 507 facta

138 517 204 574 in
229 518 464 590 silentio,
492 540 619 599 quae
651 539 837 583 ΓιιΓ5ιι5
882 518 975 587 ille
1008 518 1100 577 cui
1137 520 1451 594 mittuntur,
1480 545 1592 582 non
1617 529 1862 601 auribuS,

138 605 231 663 sed
254 604 425 664 oculis
440 605 682 682 colligat,
713 607 880 686 idque
901 606 1016 665 fieri
1040 606 1252 675 videat3
1275 630 1477 682 nonne,
1505 611 1639 670 dum
1662 635 1864 678 concu-

139 692 302 771 piscit
330 715 481 755 nosse
507 717 618 775 quo
637 695 697 753 id
729 695 919 774 possit,
957 694 1106 752 omni
1133 695 1313 761 studio
1341 699 1487 756 circa
1511 699 1668 764 illum
1686 704 1865 770 ‘finem

137 800 265 838 mov
267 794 407 853 etur,
433 803 592 862 quem
609 788 727 858 jam
749 795 942 840 notum
962 794 1106 839 tenet
1128 784 1151 838 Ξ)
1176 782 1267 850 Sic
1291 785 1663 845 accenduntur
1683 789 1865 858 studia

125 865 506 930 discentium:
547 891 672 927 nam
720 869 873 978 quod
903 870 1131 997 quisque
1166 890 1388 949 prorsus
1414 871 1656 946 ignorat,
1687 898 1865 937 amare

134 954 287 1013 nullo
309 969 473 1035 pacto
505 969 1055 1036 potest..

218 1043 291 1102 11.
336 1046 413 1102 Ita
440 1046 602 1104 ctiam
634 1045 848 1121 signum
873 1045 916 1102 si
944 1045 1065 1125 quis
1091 1045 1313 1113 audiat
1299 1049 1663 1124 mcognitum,
1696 1054 1866 1112 teluti

139 1131 293 1197 verbi
319 1133 550 1209 alicujus
577 1155 768 1192 sonum
789 1179 803 1204 ,
836 1133 1113 1214 quo-quid
1141 1134 1476 1209 significetur
1500 1138 1734 1213 ignorat,
1758 1155 1862 1202 cu·-

128 1217 223 1296 pit
245 1220 379 1277 scire
406 1221 669 1300 quidnam
688 1222 777 1293 sit,
802 1220 862 1279 id
886 1234 985 1291 est,
1008 1242 1170 1278 sonus
1185 1222 1276 1286 ille
1308 1223 1398 1296 cui
1420 1225 1495 1282 rei
1526 1247 1864 1290 commemo-

137 1306 325 1365 randae
345 1309 628 1368 institutus
655 1311 762 1368 sit:
800 1309 969 1368 veluti
1004 1309 1047 1367 si
1081 1309 1268 1368 audiat
1303 1331 1432 1373 cum
1465 1311 1669 1375 dicitur
1694 1328 1863 1375 teme-

138 1405 279 1465 tum,
315 1409 367 1453 et
399 1397 652 1473 ignorans
674 1396 812 1478 quid
841 1397 907 1455 sit
931 1397 1188 1476 requirat.
1214 1399 1246 1454 J
1253 1420 1338 1455 am
1364 1399 1548 1480 itaque
1564 1415 1779 1480 oportet
1804 1419 1867 1463 ut

138 1484 350 1541 noverit
378 1485 592 1560 signum
617 1507 746 1556 esse,
775 1484 834 1543 id
853 1498 952 1555 est,
982 1506 1091 1545 non
1109 1507 1218 1544 esse
1237 1485 1453 1544 inanem
1478 1487 1627 1549 illam
1648 1511 1861 1563 vocem,

138 1569 230 1627 sed
255 1572 463 1652 aliquid
478 1595 537 1632 ea
569 1574 862 1650 significari
887 1596 900 1630 z
930 1573 1172 1653 alioquin
1179 1578 1297 1649 jam
1310 1588 1503 1633 notum
1528 1591 1606 1634 est
1627 1577 1736 1637 hoc
1760 1581 1865 1638 tri-

137 1658 434 1736 syllabum,
454 1667 516 1720 ‘et
544 1662 890 1722 articulatam
920 1663 1156 1741 speciem
1186 1682 1340 1719 suam
1373 1663 1645 1742 impressit
1685 1667 1866 1725 animo

130 1750 236 1827 ‘per‘
259 1769 473 1807 sensum
504 1749 719 1807 aurium
755 1771 769 1806 t
803 1748 937 1828 quid
982 1748 1223 1828 amplius·
1246 1749 1304 1806 in
1335 1770 1398 1806 eo
1422 1751 1732 1830 requiratur
1755 1775 1865 1833 quo

138 1835 308 1911 magis
335 1838 660 1907 innotescat,
687 1842 841 1913 cujus
863 1857 1048 1894 omnes
1070 1835 1265 1894 litterae
1281 1838 1574 1917 omniaque
1600 1840 1717 1898 soni
1741 1862 1864 1920 spa·-

139 1925 213 1982 tia
243 1937 372 1982 nota
400 1938 556 1995 sunt3
588 1925 690 1983 nisi
718 1925 849 2004 quia
896 1922 1056 1981 simul
1084 1923 1326 1980 innotuit
1360 1923 1575 1999 signum
1603 1947 1712 1987 esse
1739 1949 1865 1987 mo—

138 2014 324 2094 vitque
355 2013 561 2083 sciendi
599 2012 982 2092 cupiditatem,
1026 2014 1184 2086 cujus
1223 2011 1299 2068 rei
1343 2011 1557 2086 signum
1591 2013 1700 2070 sit?
1738 2014 1864 2086 Quo

137 2101 306 2177 igitur
340 2101 574 2181 amplius
616 2113 808 2158 notum
838 2112 938 2166 est,
974 2098 1066 2156 sed
1115 2119 1226 2155 non
1259 2097 1419 2177 plene
1456 2112 1648 2178 not-um
1677 2114 1775 2172 est,
1801 2124 1864 2166 eo

139 2190 296 2270 cupit
330 2196 541 2249 animus
581 2191 649 2248 de
692 2189 786 2247 illo
817 2208 971 2245 nosse
1000 2186 1150 2266 quod
1191 2185 1461 2265 reliquum
1498 2199 1593 2246 est.
1635 2188 1694 2251 Si
1719 2190 1866 2249 enim

140 2279 524 2338 tantummodo
572 2299 680 2336 esse
709 2278 867 2334 istam
899 2294 1090 2334 vocem
1118 2285 1327 2344 nosset,
1367 2294 1596 2356 eamque
1637 2275 1868 2352 alicujus

141 2369 219 2426 rei
241 2369 454 2444 signum
489 2388 596 2424 esse
624 2386 735 2423 non
770 2375 970 2433 nosset,
1003 2360 1147 2419 nihil
1167 2365 1287 2436 jam
1311 2376 1599 2440 quaereret,
1626 2363 1868 2426 sensibili

140 2478 227 2527 re,
253 2469 520 2536 quantum
550 2466 767 2533 poterat
803 2449 1081 2509 sentiendo
1114 2460 1392 2529 percepta.
1430 2450 1574 2520 Quia
1605 2459 1735 2510 vero
1754 2473 1867 2514 non

141 2544 314 2602 solum
345 2562 452 2601 esse
468 2560 682 2613 vocem,
716 2539 810 2599 sed
837 2552 891 2596 et
911 2538 1130 2614 signum·
1152 2558 1261 2594 esse
1280 2541 1395 2612 jam
1421 2537 1596 2609 novit,
1634 2538 1868 2618 perfecte

139 2633 196 2691 id
221 2653 372 2691 nosse
391 2633 527 2693 vult.
559 2631 748 2710 Neque
771 2629 946 2695 ullum
968 2626 1204 2707 perfecte
1232 2626 1445 2700 signum
1468 2627 1734 2699 noscitur,
1763 2629 1868 2713 nisi

142 2727 299 2797 cujus
340 2721 417 2779 rei
449 2721 664 2796 signum
686 2719 756 2776 sit
802 2727 1181 2792 cognoscatur.
1221 2714 1343 2771 Hoc
1377 2734 1502 2788 ergo
1530 2714 1633 2793 qui·
1654 2715 1867 2790 ardenti

143 2829 273 2867 cura
302 2809 503 2888 quaerit
532 2822 597 2866 ut<
620 2806 855 2878 noverit,
886 2803 1175 2882 studioque
1206 2822 1460 2859 accensus
1480 2802 1698 2874 insistit,
1730 2824 1864 2863 num

134 2909 331 2976 -potest
349 2895 462 2956 diei
480 2916 588 2953 esse
603 2896 715 2953 sine
734 2896 950 2952 amore?
978 2889 1128 2962 Quid
1150 2889 1317 2964 igitur
1334 2901 1480 2946 amat
1491 2892 1519 2946 i>
1539 2889 1698 2948 Certe
1719 2891 1865 2949 enim

145 2984 314 3043 amari
339 2983 546 3063 aliquid
572 2983 675 3041 nisi
705 2995 896 3039 notum
921 3000 1032 3036 non
1059 2989 1254 3056 potest.
1287 2977 1476 3055 Neque
1503 2976 1648 3035 enim
1676 2977 1768 3037 ille
1787 2978 1866 3036 is-

144 3085 224 3130 tas
261 3083 369 3129 tres
399 3070 634 3150 syllabas
662 3082 836 3140 amat,
884 3086 1020 3146 quas
1055 3069 1174 3140 jam
1211 3075 1368 3121 notas
1394 3063 1580 3122 habet.
1629 3064 1794 3144 Quod
1823 3066 1868 3124 si

133 3160 256 3220 hoc
270 3159 330 3222 in
351 3159 426 3220 eis
446 3171 612 3232 amat,
636 3158 765 3238 quia
787 3155 891 3216 scit
911 3175 997 3215 eas
1015 3152 1322 3231 significare
1346 3151 1554 3233 aliquid
1577 3173 1723 3223 ;non
1741 3153 1870 3214 inde
