2144 3808
626 356 694 396 nu
739 355 1059 407 ΤκιΝῑΤΑΤΕ,
1110 359 1219 398 mn.
1270 361 1397 399 xm.
1748 341 1863 423 5¹7

137 462 163 488 »ν
191 435 298 495 ibis
328 437 370 497 1.
410 463 436 492 ›>
460 438 539 495 Eo
563 438 712 518 quod
734 438 944 497 dietum
984 452 1062 496 est
1096 461 1110 496 t
1136 467 1161 492 «
1188 443 1253 498 In
1284 454 1481 500 terram
1513 443 1648 511 ibis;
1671 468 1697 497 n
1721 453 1869 502 mors

134 526 378 604 corporis
404 521 771 607 praenuntiata
795 540 894 598 est,
928 528 1054 608 quia
1079 549 1177 586 nec
1222 530 1398 609 ipsam
1443 529 1620 588 fuerat
1670 553 1866 612 exper-

134 625 314 682 turUS,
358 614 402 671 si
446 615 826 694 permansisset
870 628 930 672 ut
969 615 1144 673 factus
1194 631 1272 674 est
1312 631 1525 675 rectus:
1558 618 1708 698 quod
1737 639 1864 677 vero

140 700 343 759 viventi
369 702 474 759 ait:
510 729 533 753 «
558 704 724 760 Terra
752 724 839 770 es3
860 728 886 755 >³
918 702 1154 760 ostendit
1187 717 1359 762 totum
1386 705 1667 763 hominem
1694 706 1752 763 in
1778 707 1870 764 de-

136 789 302 846 terius
331 803 754 849 commutatum:
792 791 924 847 Tale
954 805 1033 849 est
1062 793 1243 849 enim:
1271 819 1297 844 «
1324 795 1491 850 Terra
1529 815 1582 850 es
1616 816 1630 851 ε
1657 822 1682 846 »
1707 794 1868 874 quale

132 875 280 933 istud
314 898 327 933 ε
361 903 386 928 α
413 879 536 933 Non
566 878 913 956 permanebit
941 880 1166 958 spiritus
1197 901 1345 936 meus
1366 880 1423 937 in
1452 879 1774 939 hominibus
1794 883 1868 939 is-

134 989 158 1015 ›·,
182 962 272 1032 tis,
303 964 565 1043 quoniam
596 985 724 1021 caro
743 978 869 1022 sunt
892 966 937 1022 2.
964 993 989 1019 »
1017 967 1176 1024 Tunc
1193 989 1318 1042 ergo
1339 966 1729 1025 demonstravit
1744 990 1871 1026 eum

133 1051 181 1108 ei
201 1051 489 1122 traditum,
519 1052 611 1109 cui
635 1052 842 1110 dictum
866 1053 1044 1112 fuerat
1075 1077 1088 1111 :
1122 1082 1148 1107 c<
1167 1057 1390 1112 Terram
1422 1055 1800 1115 manducabis
1839 1083 1867 1110 »

134 1141 426 1220 Apostolus
465 1154 641 1199 autem
668 1143 908 1221 apertius
933 1143 1042 1200 hoc
1070 1143 1362 1224 praedicat,
1397 1143 1496 1201 ubi
1520 1143 1657 1201 dicit
1692 1166 1705 1200 :
1744 1171 1770 1197 «
1796 1147 1868 1202 Et

132 1253 158 1279 »
185 1249 282 1285 vos
310 1249 435 1286 cum
471 1230 650 1287 essetis
698 1230 900 1287 mortui
948 1230 1159 1290 delictis
1197 1244 1248 1288 et
1272 1231 1512 1311 peccatis
1536 1233 1751 1302 vestris,
1805 1232 1864 1290 in

132 1342 158 1367 »
183 1317 388 1395 quibus
406 1316 704 1397 aliquando
727 1318 1045 1376 ambulastis
1067 1319 1368 1378 secundum
1385 1318 1646 1376 saeculum
1671 1319 1867 1377 mundi

133 1432 158 1457 »
187 1405 389 1481 hujus,
448 1406 747 1464 secundum
793 1408 1103 1487 principem
1139 1409 1419 1488 potestatis
1460 1407 1599 1464 aeris
1635 1407 1863 1486 spiritus

131 1519 157 1544 »
187 1492 351 1568 hujus
372 1539 386 1564 ,
420 1494 515 1574 qui
534 1515 683 1552 nunc
704 1507 961 1574 operatur
983 1496 1040 1553 in
1063 1495 1188 1554 filiis
1208 1495 1527 1554 diffidentiae
1544 1541 1558 1565 ,
1581 1495 1638 1552 in
1659 1496 1866 1574 quibus

131 1607 157 1632 >³
185 1594 243 1638 et
263 1602 361 1638 nos
392 1603 576 1639 omnes
597 1582 891 1662 aliquando
942 1585 1243 1641 conversati
1273 1605 1458 1641 sumus
1505 1583 1562 1639 in
1591 1582 1868 1641 desideriis

131 1696 156 1722 ›)
189 1670 368 1727 carnis
397 1683 595 1729 nostrae
618 1718 631 1742 ,
682 1670 937 1728 facientes
968 1672 1275 1730 voluntates
1314 1671 1492 1730 carnis
1531 1684 1584 1727 et
1614 1672 1861 1730 affectio-

132 1784 157 1809 »
186 1778 318 1814 num
350 1780 363 1814 ε
420 1772 473 1816 et
522 1778 732 1816 eramus
766 1772 960 1816 natura
1008 1759 1107 1816 filii
1148 1760 1264 1831 irae,
1300 1760 1442 1817 sicut
1475 1771 1528 1815 et
1556 1758 1735 1816 caeteri
1763 1758 1805 1818 3.
1835 1786 1862 1812 »

132 1846 255 1902 Filii
288 1845 607 1904 diffidentiae
651 1860 778 1904 sunt
808 1846 1050 1905 infideles
1071 1893 1083 1916 ,
1115 1861 1166 1905 et
1199 1848 1321 1927 quis
1346 1847 1455 1903 hoc
1479 1867 1590 1903 non
1616 1859 1693 1904 est
1719 1859 1864 1904 ante-

130 1954 296 2013 quam
328 1933 502 1991 fidelis
542 1935 676 1991 fiat?
708 1934 990 2005 Quocirca
1039 1956 1224 1992 omnes
1253 1934 1503 1991 homines
1546 1933 1616 1990 ab
1659 1934 1865 2010 origine

129 2020 233 2078 sub
261 2021 515 2101 principe
545 2034 671 2078 sunt
690 2022 972 2101 potestatis
1020 2022 1184 2092 aeriS,
1218 2022 1312 2101 qui
1343 2033 1603 2100 operatur
1629 2021 1685 2078 in
1733 2021 1862 2078 filiis

130 2107 467 2168 diffidentiae.
511 2110 579 2165 Et
607 2107 758 2188 quod
783 2107 905 2165 dixi
925 2109 996 2166 ab
1020 2109 1248 2183 origine,
1283 2108 1391 2164 hoc
1413 2121 1490 2164 est
1528 2107 1678 2186 quod
1726 2107 1864 2165 dicit

131 2197 447 2275 ApostoluS,
464 2210 659 2254 natura
679 2209 732 2253 et
746 2217 798 2252 se
817 2194 979 2252 fuisse
1004 2196 1145 2252 sicut
1168 2208 1420 2252 caeteros:
1442 2208 1635 2252 natura
1656 2194 1864 2252 scilicet

131 2297 192 2341 ut
211 2297 288 2342 est
306 2284 603 2364 depravata
623 2297 849 2363 peccato
869 2308 883 2351 ;
909 2304 1020 2340 non
1038 2296 1100 2340 ut
1117 2296 1262 2340 recta
1285 2295 1462 2340 creata
1481 2294 1558 2338 est
1581 2282 1652 2338 ab
1676 2281 1853 2340 initio.

133 2371 329 2429 Modus
356 2384 535 2428 autem
561 2372 658 2428 iste
681 2392 792 2450 quo
822 2370 1054 2428 traditus
1083 2384 1160 2428 est
1181 2371 1348 2428 homo
1371 2369 1429 2426 in
1452 2367 1662 2426 diaboli
1685 2382 1865 2448 potes-

133 2472 318 2529 tatem,
354 2481 466 2516 non
494 2459 568 2516 ita
590 2458 753 2516 debet
775 2458 1024 2533 intelligi,
1053 2470 1320 2537 tanquam
1340 2457 1450 2513 hoc
1481 2457 1626 2512 Deus
1650 2455 1860 2527 fecerit,
1903 2495 1908 2502 -

36 2591 52 2600 t
132 2560 226 2604 aut
263 2547 379 2604 fieri
423 2547 640 2621 jusserit
661 2592 675 2618 ‚
710 2545 800 2603 sed
824 2545 974 2625 quod
998 2558 1210 2601 tantum
1238 2543 1574 2623 permiserit,
1605 2547 1750 2617 juste
1774 2557 1864 2601 ta-

134 2656 272 2694 men.
307 2634 410 2691 lllo
431 2635 576 2691 enim
601 2632 873 2691 deserente
890 2645 1232 2712 peccantem,
1259 2629 1473 2710 peccati
1495 2642 1688 2687 auctor
1710 2629 1859 2687 illico

130 2723 343 2781 invasit.
386 2722 498 2779 Nec
530 2723 607 2780 ita
636 2743 762 2779 sane
798 2723 939 2779 Deus
968 2720 1202 2777 deseruit
1225 2730 1532 2776 creaturam
1579 2738 1731 2774 suam
1755 2763 1769 2788 ,
1803 2731 1865 2775 ut

131 2832 241 2868 non
271 2831 324 2867 se
346 2809 425 2866 illi
454 2810 731 2867 exhiberet
757 2813 929 2867 Deum
967 2821 1241 2866 creantem
1290 2819 1341 2863 et
1381 2805 1773 2875 vivificantem,
1808 2819 1863 2863 et

132 2898 274 2954 inter
288 2895 528 2975 poenalia
553 2895 691 2953 mala
712 2896 874 2953 etiam
903 2897 1050 2952 bona
1094 2893 1247 2950 malis
1275 2892 1447 2949 multa
1484 2904 1854 2971 praestantem.

135 2986 258 3042 Non
285 2984 425 3040 enim
459 2984 730 3041 continuit
774 2984 831 3040 in
874 2983 953 3040 ira
981 3004 1072 3039 sua
1113 2981 1483 3038 miserationes
1524 3000 1644 3036 suas
1669 2979 1711 3038 [⁸.
1746 2981 1861 3039 Nec

134 3071 412 3130 hominem
439 3093 468 3128 a
500 3070 614 3145 lege
643 3091 754 3127 suae
785 3070 1059 3150 potestatis
1085 3069 1282 3138 amisit,
1313 3066 1536 3147 quando
1569 3067 1626 3124 in
1655 3065 1864 3124 diaboli

134 3172 397 3241 potestate
420 3180 528 3216 esse
553 3158 798 3238 permisit
824 3158 988 3238 :quia
1013 3178 1114 3215 nec
1131 3157 1244 3237 ipse
1261 3155 1515 3213 diabolus
1539 3176 1568 3211 a
1590 3166 1861 3233 potestate

197 3265 209 3293 ¹
234 3267 335 3304 Gen.
361 3277 427 3315 nr,
456 3277 521 3314 19.
546 3285 603 3294 —
627 3259 647 3289 ²
665 3261 723 3303 td.
746 3275 799 3309 vi,
828 3265 864 3301 3.
883 3256 1137 3314 —3Ephes‚
1163 3273 1213 3307 11,
1242 3260 1324 3297 1-3.
1352 3280 1406 3287 —
1429 3253 1446 3285 ⁴
1472 3257 1574 3297 Psal.
1602 3269 1743 3304 Lxxvr,
1770 3270 1830 3296 ιο,
