2144 3808
367 249 586 289 CONTRA
627 249 958 290 MAXIMINUM
999 248 1279 301 ARIANUM,
1327 250 1438 291 LIB.
1489 252 1554 292 11.
1709 236 1830 316 173

121 325 207 385 lus
229 326 451 388 illorum
472 331 615 390 visus
633 341 728 386 est.
757 332 902 403 Ergo
925 329 1071 385 Deus
1090 373 1106 399 ,
1133 325 1274 386 sicut
1297 331 1525 390 infirmis
1542 334 1833 395 hominum

121 414 364 474 sensibus
380 463 395 488 ,
429 417 598 492 magis
619 414 951 491 significatus
981 435 1147 495 quam
1169 414 1567 477 demonstratus
1586 435 1681 482 est.
1708 425 1832 482 Non

119 500 304 584 itaque
331 505 475 564 visus
497 517 576 562 est
593 504 735 562 sicut
754 516 832 561 est
859 525 872 560 :
905 503 1015 561 hoc
1035 503 1245 584 quippe
1271 505 1329 563 in
1347 505 1533 564 futura
1555 508 1667 567 vita
1695 532 1832 589 pro·-

119 590 357 650 mittitur
382 592 596 651 sanctis.
635 591 793 650 Unde
812 591 948 650 dicit
976 592 1250 671 apostolus
1277 593 1512 652 Joannes
1541 616 1555 652 :
1585 621 1612 647 «
1641 597 1828 655 Dilec-

120 705 148 734 ›>
168 680 357 739 tissimi
377 727 392 754 ,
424 702 572 740 nunc
588 681 688 740 filii
712 681 813 740 Dei
832 701 1046 753 sumus,
1072 693 1124 739 et
1143 681 1392 740 nondum
1412 686 1668 764 apparuit
1699 687 1835 766 quid

120 792 148 821 >2
168 770 368 828 erimus
399 792 414 827 :
450 770 648 828 scimus
669 775 844 828 autem
878 769 1008 849 quia
1035 768 1162 827 cum
1187 774 1538 850 apparuerit,
1575 774 1770 833 similes
1785 775 1835 834 ei

119 883 146 911 ›>
171 858 398 930 erimuS,
421 858 682 938 quoniam
705 857 1012 916 videbimus
1037 878 1161 916 eum
1183 860 1342 917 sicuti
1360 859 1487 921 est1.
1518 888 1543 914 >2
1569 861 1836 920 Viderunt

116 968 243 1023 ergo
265 947 396 1005 etin
421 946 530 1005 hoc
559 945 759 1004 saeculo
789 946 1040 1026 Apostoli
1067 947 1364 1004 Dominum
1382 994 1396 1019 ,
1428 948 1715 1022 viderunt,
1741 952 1834 1009 sed

115 1055 229 1093 non
249 1034 391 1093 sicut
420 1047 516 1094 est.
551 1035 798 1115 Denique
816 1035 1026 1113 Moyses
1045 1055 1170 1092 eum
1189 1035 1297 1092 sibi
1316 1036 1575 1116 cupiebat
1598 1039 1829 1111 ostendi,

113 1124 361 1204 quamvis
389 1145 516 1182 cum
545 1145 607 1181 eo
634 1122 773 1181 facie
801 1122 871 1181 ad
897 1123 1092 1181 faciem
1122 1124 1408 1204 Scriptura
1429 1126 1609 1184 indice
1637 1126 1834 1208 loque-

110 1213 311 1272 retur2.
348 1211 515 1284 Quod
535 1233 663 1270 cum
684 1211 741 1269 in
760 1233 879 1269 mea
899 1212 1144 1290 superius
1163 1213 1541 1292 prosecutione
1559 1215 1828 1288 dixissem,

111 1300 266 1380 quasi
308 1321 419 1358 non
469 1298 700 1357 audieris
726 1299 1079 1378 praeteriisti,
1109 1320 1237 1357 cum
1275 1300 1380 1358 tibi
1419 1302 1657 1376 ejusdem
1698 1325 1835 1362 meae
1909 1329 1914 1332 ·

110 1387 507 1465 prosecutionis
531 1386 748 1444 recitari
778 1408 836 1443 ex
866 1385 1070 1443 tabulis
1091 1386 1339 1444 universa
1366 1388 1670 1449 voluissem.
1708 1392 1832 1448 Non

114 1488 295 1533 autem
325 1474 634 1535 discernens
665 1473 800 1554 quid
834 1473 903 1531 sit
929 1472 1103 1532 videri
1133 1475 1312 1531 Deum
1339 1496 1438 1554 per
1472 1477 1829 1536 substantiam

112 1584 263 1621 suam
288 1609 304 1634 ,
332 1559 386 1621 et
412 1561 644 1642 quid‘sit
662 1560 837 1620 videri
864 1561 1040 1617 Deum
1060 1581 1159 1639 per
1178 1562 1478 1635 subjectam
1502 1578 1826 1637 creaturam,

111 1651 171 1709 in
197 1664 406 1709 tantam
424 1648 826 1729 blasphemiam
857 1647 1140 1717 decidisti,
1175 1661 1237 1705 ut
1265 1649 1600 1724 unigenitum
1625 1654 1723 1710 Dei
1743 1658 1785 1710 F
1787 1655 1831 1711 i-

111 1739 247 1798 lium
281 1761 377 1820 per
406 1738 516 1796 hoc
548 1738 729 1818 ipsum
770 1735 919 1817 quod
949 1738 1094 1794 Deus
1123 1749 1202 1793 est
1235 1737 1554 1797 mutabilem
1584 1739 1827 1799 diceres:

112 1826 559 1909 quandoquidem
592 1825 691 1882 soli
728 1825 882 1883 Patri
913 1824 1118 1904 putasti
1153 1845 1261 1882 esse
1304 1825 1654 1886 tribuendum
1682 1831 1833 1910 quod

113 1917 380 1997 scriptum
409 1937 517 1974 esse
553 1914 773 1972 dixisti:
808 1940 835 1966 ε(
861 1915 976 1990 Ego
1012 1935 1133 1971 sum
1163 1914 1260 1994 qui
1291 1935 1439 1983 sum,
1474 1929 1525 1972 et
1564 1939 1675 1975 non
1710 1941 1828 1978 sum

114 2032 140 2059 »
164 1997 430 2064 mutatus-'³
453 2026 513 2061 ι»
528 2002 684 2084 quasi
700 2002 867 2060 Filius
886 2001 970 2061 vel
989 2002 1225 2082 Spiritus
1238 2015 1453 2060 sanctus
1474 2004 1542 2062 sit
1562 2021 1823 2081 mutatuS,

111 2092 334 2174 quando
360 2090 646 2152 visibiliter
679 2088 935 2170 apparuit
955 2135 970 2160 ,
1002 2089 1090 2148 vel
1123 2087 1214 2146 ille
1244 2088 1395 2167 quod
1434 2105 1644 2150 constat
1673 2109 1829 2154 natus

111 2202 172 2239 ex
191 2180 457 2241 foemina:
486 2177 574 2237 vel
597 2176 692 2234 iste
720 2177 778 2234 in
799 2176 976 2256 specie
1005 2176 1281 2234 columbae
1310 2189 1402 2233 aut
1440 2177 1607 2253 igneis
1632 2180 1831 2258 linguis

113 2290 165 2329 se
185 2268 441 2327 humanis
458 2265 768 2346 aspectibus
787 2277 1110 2323 monstrans,
1141 2263 1297 2321 Unde
1316 2268 1432 2339 jam
1452 2269 1708 2348 respondi
1727 2273 1832 2330 tibi

110 2358 170 2416 in
206 2378 269 2415 eo
302 2376 543 2414 sermone
566 2398 581 2424 ,
622 2352 721 2410 ubi
765 2350 974 2410 ostendi
1004 2373 1114 2410 non
1152 2363 1204 2408 te
1250 2351 1498 2411 refellisse
1538 2377 1664 2436 quae
1694 2358 1821 2420 dixi.

113 2446 276 2505 Nunc
304 2464 432 2503 vero
466 2455 528 2501 ut
571 2439 838 2515 intelligas
879 2438 1156 2519 quomodo
1198 2438 1391 2498 dixerit
1426 2440 1571 2501 Deus
1603 2467 1616 2501 :
1659 2473 1685 2500 «
1716 2449 1828 2523 Ego

114 2561 141 2588 >2
161 2555 281 2593 sum
309 2532 406 2613 qui
432 2551 551 2588 sum
571 2575 585 2600 ,
618 2541 671 2586 et
698 2549 810 2585 non
841 2548 961 2585 sum
999 2539 1270 2597 mutatUS,
1297 2552 1322 2579 »
1362 2527 1448 2586 vel
1475 2532 1626 2609 quod
1648 2537 1826 2615 scrip-

112 2635 231 2680 tum
255 2620 426 2696 magis
447 2616 722 2676 invenitur
748 2637 764 2672 ε
798 2640 825 2668 «
852 2616 966 2689 Ego
988 2615 1129 2672 enim
1155 2615 1420 2672 Dominus
1438 2661 1453 2686 ,
1487 2631 1539 2674 et
1566 2641 1676 2678 non
1699 2644 1828 2680 mu..

115 2739 141 2766 »
162 2710 317 2782 tor4‚
344 2737 369 2762 »
399 2706 659 2788 quoniam
694 2725 807 2762 non
840 2703 983 2762 solus
1019 2704 1209 2774 Pater,
1245 2702 1336 2761 sed
1374 2704 1518 2763 Deus
1550 2729 1688 2768 unus
1719 2711 1828 2770 hoc

115 2800 277 2871 dixit,
310 2796 459 2877 quod
489 2807 568 2852 est
586 2794 706 2874 ipsa
726 2792 1001 2860 Trinitas3
1029 2790 1309 2849 Psalmum
1332 2789 1547 2852 attende
1574 2798 1670 2855 ubi
1695 2798 1831 2875 legi-

115 2903 245 2947 tur:
288 2914 315 2940 «
341 2887 430 2943 Tu
462 2884 519 2942 in
548 2881 825 2962 principio
849 2927 862 2952 ,
911 2879 1143 2937 Domine
1165 2925 1180 2951 ,
1223 2892 1422 2937 terram
1468 2881 1740 2958 fundasti,
1780 2902 1833 2945 et

116 3004 144 3031 »
170 2997 334 3057 opera
353 2991 618 3031 manuum
636 2982 855 3028 tuarum
875 2981 1002 3027 sunt
1023 2966 1152 3025 coeli
1170 2992 1185 3035 ;
1207 2967 1314 3048 ipsi
1330 2969 1590 3048 peribunt
1606 3019 1622 3044 ,
1653 2986 1712 3032 tu
1737 2996 1830 3033 au-

117 3092 144 3119 »
170 3079 278 3123 tem
306 3058 681 3144 permanebiS,
718 3069 771 3114 et
795 3077 980 3114 omnes
1017 3056 1159 3115 sicut
1189 3055 1567 3117 vestimentum
1600 3075 1834 3121 veteras-

178 3170 192 3197 ¹
221 3182 237 3207 1
262 3168 378 3208 Joau.
403 3178 469 3218 m,
497 3176 534 3203 ι.
559 3158 653 3191 ..2
673 3158 804 3204 Exod.
829 3172 978 3209 xxxm,
1002 3154 1166 3202 ¹3·-·-³
1188 3158 1250 3201 ld·
1273 3172 1336 3211 m,
1362 3167 1490 3207 14.—-
1510 3159 1528 3194 ¹
1547 3166 1691 3211 Malae.
1714 3183 1777 3218 ιιι,
1794 3172 1835 3211 6.
