2144 3808
260 289 380 360 428
793 310 839 349 s,
893 308 1202 348 Aucusrml
1245 309 1503 349 EPISCOPI

255 388 491 463 gandam
534 389 1096 469 considerandamque
1123 389 1433 461 redeamuS,
1469 390 1568 449 ubi
1613 392 1996 472 temporaliter

260 477 485 535 existens
503 478 898 537 nonnullarum
932 500 1116 536 rerum
1138 478 1356 550 notitia,
1386 500 1515 559 quae
1537 492 1693 538 antea
1721 501 1828 538 non
1856 493 1991 553 erat,

259 577 313 621 et
342 565 650 647 aliquarum
680 587 863 624 rerum
897 587 1079 637 amor,
1121 587 1247 646 quae
1287 579 1441 623 antea
1480 588 1593 624 non
1625 567 1990 639 amabantur,
2031 574 2033 577 ’

258 651 568 721 distinctius
589 655 759 722 nobis
778 655 954 734 aperit
975 654 1112 735 quid
1152 654 1399 713 dicamus
1433 676 1448 711 ι
1473 655 1605 735 quia
1629 668 1682 713 et
1707 655 1812 735 ipsi
1843 655 1996 714 locu-

259 739 395 798 tioni
418 740 791 821 temporaliter
813 741 1113 824 dirigendae
1131 788 1146 812 ,
1178 742 1391 800 facilior
1412 755 1491 799 est
1517 742 1586 800 ad
1607 742 1994 823 explicandum

261 847 348 885 res
367 875 382 899 ,
416 829 622 908 quaein
644 828 834 887 ordine
856 843 1168 910 temporum
1196 830 1703 910 comprehenditur.

341 917 550 977 XVIII.
603 917 793 976 Primo
809 919 994 997 itaque
1017 917 1364 976 manifestum
1389 918 1479 987 sit,
1506 939 1661 998 posse
1681 917 1820 990 fieri,
1847 931 1908 976 ut
1930 918 2000 977 sit

228 1049 233 1052 -
259 1004 470 1085 aliquid
502 1005 717 1077 scibile,
744 1006 803 1063 id
829 1019 929 1075 est,
955 1005 1109 1085 quod
1130 1006 1256 1063 sciri
1283 1006 1477 1085 possit,
1509 1019 1562 1063 et
1592 1019 1774 1064 tamen
1793 1007 1995 1065 nescia-

259 1107 349 1150 tur
382 1115 395 1149 :
433 1086 573 1149 illud
592 1105 773 1150 autem
801 1092 918 1150 fieri
945 1113 1058 1149 non
1081 1113 1236 1172 posse
1257 1138 1272 1163 ,
1308 1105 1370 1150 ut
1393 1093 1598 1150 sciatur
1624 1094 1777 1174 quod
1809 1094 1999 1153 scibile

257 1200 371 1236 non
393 1178 579 1237 fuerit.
616 1179 773 1257 Unde
799 1179 1014 1260 liquido
1038 1179 1335 1238 tenendum
1364 1193 1470 1251 est,
1497 1180 1647 1260 quod
1679 1182 1856 1239 omnis
1879 1202 1961 1238 res
1979 1227 1993 1252 ,

258 1289 668 1348 quamcumque
691 1272 1068 1344 cognoscimus
1086 1316 1101 1340 ,
1129 1282 1458 1346 congenerat
1481 1271 1539 1327 in
1563 1271 1721 1328 nobis
1749 1270 1998 1328 notitiam

260 1356 361 1415 sui.
397 1357 486 1415 Ab
516 1370 750 1437 utroque
787 1357 934 1415 enim
971 1357 1166 1415 notitia
1199 1358 1416 1437 paritur
1439 1405 1454 1430 ,
1486 1382 1514 1416 a
1557 1372 1915 1434 cognoscente
1946 1371 2000 1416 et

262 1444 500 1519 cognit0.
529 1447 722 1526 Itaque
746 1466 899 1503 mens
920 1466 1049 1503 cum
1080 1468 1132 1503 se
1151 1446 1325 1525 ipsam
1347 1447 1650 1522 cognoscit,
1671 1445 1781 1505 sola
1800 1467 1999 1527 parens

261 1544 340 1589 est
369 1533 582 1592 notitiae
617 1555 729 1592 suae
759 1555 774 1590 t
810 1547 864 1591 et
887 1535 1173 1609 cognitum
1206 1534 1350 1592 enim
1383 1547 1436 1592 et
1466 1535 1717 1611 cognitor
1748 1535 1868 1615 ipsa
1894 1547 1990 1593 est.

261 1621 392 1677 Erat
424 1634 604 1679 autem
626 1621 877 1701 sibiipsa
906 1621 1185 1679 noscibilis
1207 1667 1221 1692 ,
1260 1634 1314 1679 et
1342 1635 1632 1702 antequam
1665 1643 1719 1680 se
1765 1634 1945 1680 nosset
1978 1644 1993 1678 ι

261 1709 354 1766 sed
384 1711 579 1768 notitia
608 1710 694 1768 sui
720 1732 832 1768 non
854 1723 969 1768 erat
995 1710 1054 1768 in
1086 1732 1179 1782 ea,
1215 1731 1343 1769 cum
1376 1732 1428 1768 se
1465 1711 1583 1791 ipsa
1611 1732 1722 1769 non
1747 1722 1990 1771 noverat.

260 1799 427 1869 Quod
450 1821 578 1876 ergo
603 1800 884 1875 cognoscit
912 1821 994 1871 se,
1019 1821 1210 1879 parem
1241 1799 1349 1857 sibi
1382 1799 1633 1857 notitiam
1665 1800 1747 1857 sui
1781 1799 1954 1875 gignit
1980 1821 1993 1855 ε

261 1887 390 1966 quia
413 1909 525 1945 non
549 1890 728 1946 minus
760 1910 813 1946 se
839 1889 994 1946 novit
1026 1910 1190 1968 quam
1228 1901 1339 1960 est,
1381 1909 1482 1946 nec
1511 1887 1730 1946 alterius
1761 1888 2000 1946 essentiae

261 1987 339 2031 est
362 1977 554 2034 notitia
579 1980 624 2051 ej
635 1997 716 2048 us,
747 1996 862 2032 non
884 1975 1056 2033 solum
1077 1977 1209 2055 quia
1231 1976 1346 2055 ipsa
1368 1976 1525 2033 novit
1546 2024 1558 2046 ,
1577 1974 1669 2034 sed
1693 1976 1854 2032 etiam
1872 1976 2001 2054 quia

261 2085 314 2121 se
340 2066 515 2143 ipsam
535 2074 559 2135 ,‘
588 2064 731 2121 sicut
767 2085 934 2143 supra
968 2063 1216 2123 diximus,
1248 2063 1399 2136 Quid
1432 2085 1557 2139 ergo
1585 2064 1654 2122 de
1688 2085 1871 2122 amore
1906 2063 1998 2121 di-

261 2152 499 2209 cendum
526 2164 626 2222 est,
664 2172 765 2208 cur
792 2173 903 2209 non
934 2152 1095 2209 etiam
1128 2173 1256 2209 cum
1280 2173 1332 2209 se
1358 2165 1535 2224 amat,
1564 2153 1747 2233 ipsum
1779 2172 1999 2232 quoque

260 2262 500 2298 amorem
531 2239 616 2298 sui
647 2240 890 2315 genuisse
917 2239 1207 2298 videatur?
1243 2240 1376 2296 Erat
1399 2240 1545 2297 enim
1575 2238 1828 2297 amabilis
1848 2239 1955 2296 sibi
1979 2284 1994 2309 ,

258 2341 311 2386 et
336 2342 628 2408 antequam
649 2349 702 2385 se
725 2340 927 2384 amaret
947 2373 961 2398 ,
993 2327 1123 2407 quia
1144 2340 1362 2406 poterat
1384 2349 1436 2384 se
1475 2349 1655 2386 amare
1682 2349 1696 2384 ε
1723 2327 1865 2384 516111
1884 2339 2000 2384 erat

260 2416 364 2472 sibi
412 2415 728 2486 noscibiliS,
771 2427 825 2472 et
867 2428 1155 2495 antequam
1194 2436 1247 2471 se
1282 2428 1497 2486 nosset,
1525 2416 1656 2495 quia
1695 2427 1911 2495 poterat
1946 2435 1999 2471 se

261 2526 433 2563 nosse.
461 2506 603 2562 Nam
627 2503 671 2560 si
699 2502 949 2561 nonsibi
979 2516 1114 2560 esset
1138 2502 1443 2574 noscibilis,
1461 2524 1746 2583 nunquam
1772 2523 1824 2560 se
1847 2523 2000 2560 nosse

260 2593 524 2673 potuisset
550 2613 563 2649 ε
586 2591 662 2650 ita
679 2591 722 2648 si
746 2611 855 2648 non
881 2589 987 2647 sibi
1003 2603 1137 2662 65561
1153 2590 1424 2662 amabilis,
1443 2612 1728 2670 nunquam
1747 2611 1802 2647 se
1821 2611 2000 2647 amare

257 2682 540 2762 potuisset.
580 2682 696 2739 Cur
741 2679 924 2760 itaque
967 2678 1202 2737 amando
1253 2700 1306 2735 se
1354 2700 1465 2737 non
1501 2678 1743 2754 genuisse
1783 2678 2000 2736 dicatur

262 2792 502 2829 amorem
550 2777 710 2828 51111111
747 2791 760 2825 z
795 2769 936 2826 sicut
975 2767 1356 2842 cognoscendo
1408 2789 1461 2824 se
1511 2768 1702 2842 genuit
1746 2767 1999 2825 notitiam

259 2863 450 2918 suam?
475 2862 561 2917 An
581 2879 643 2915 60
660 2857 886 2937 quidem
909 2857 1188 2914 manifeste
1211 2855 1516 2913 ostenditur
1539 2856 1649 2914 hoc
1676 2856 1874 2914 amoris
1890 2876 1999 2913 esse

260 2947 627 3025 principium,
662 2944 808 3003 unde
837 2944 1090 3024 procedit
1121 2966 1133 3001 :
1167 2944 1238 3001 ab
1270 2946 1389 3023 ipsa
1418 2945 1838 3024 quippe-mente
1858 2963 1998 3023 pro-

260 3034 440 3105 cedit,
476 3055 602 3113 quae
631 3034 737 3091 sibi
773 3047 852 3090 est
888 3033 1137 3090 amabilis
1178 3045 1471 3113 antequam
1515 3054 1569 3090 se
1620 3046 1793 3101 amet;
1835 3045 1997 3111 atque

260 3124 335 3182 ita
356 3120 697 3203 principium
720 3134 799 3178 est
819 3120 1016 3178 amoris
1045 3120 1151 3191 sui,
1178 3142 1289 3201 quo
1322 3142 1375 3179 se
1411 3134 1590 3179 amat:
1617 3120 1709 3179 sed
1735 3119 1860 3178 ideo
1884 3140 1997 3177 non

264 3224 409 3272 recte
431 3209 639 3270 dicitur
662 3209 875 3286 genitus
899 3210 969 3268 ab
1000 3231 1082 3282 ea,
1109 3209 1250 3268 sicut
1273 3209 1466 3269 notitia
1490 3210 1575 3269 sui
1593 3228 1703 3288 qua
1727 3229 1779 3267 56
1805 3207 1989 3275 novit,
