2144 3808
611 334 682 374 DE
723 331 1045 398 ‘mmm-Ara,
1094 334 1204 373 mn.
1256 335 1333 376 x1.
1727 321 1847 399 469

124 413 444 473 Memoriam
473 434 598 477 vero
636 438 666 471 a
693 434 848 472 sensu
869 413 1121 491 voluntas
1150 416 1341 474 avertit
1361 462 1376 488 ,
1418 437 1545 485 cum
1595 419 1654 477 in
1701 420 1852 482 aliud.

120 501 327 560 intenta
359 524 470 560 non
507 502 556 560 ei
593 501 721 559 sinit
751 501 1018 560 inhaerere
1049 503 1355 582 praesentia.
1394 504 1560 575 Quod
1597 508 1853 566 animad-

120 602 324 647 vertere
345 588 504 647 facile
526 602 633 660 est,
667 610 795 647 cum
823 609 967 669 saepe
995 610 1183 647 coram
1212 591 1527 669 loquentem
1556 593 1714 651 nobis
1746 595 1853 659 ali-

122 697 285 756 quem
301 676 453 736 aliud
475 677 765 753 cogitando
790 692 901 734 non
921 676 1131 735 audisse
1154 677 1314 734 nobis
1333 677 1602 738 videmur.
1638 680 1855 739 Falsum

119 777 196 821 est
214 778 392 822 autem
414 787 427 822 :
455 764 763 824 audivimus
784 764 950 835 enim,
972 763 1064 822 sed
1080 784 1192 821 non
1209 764 1557 824 meminimus
1576 812 1591 838 ‚
1620 767 1853 826 subinde

118 872 217 929 per
246 851 463 917 aurium
496 872 708 909 sensum
739 850 1052 908 labentibus
1081 850 1311 910 vocibus
1336 850 1565 910 alienato
1588 867 1728 912 nutu
1746 875 1850 913 vo-

116 938 380 1008 luntatiS‚
416 959 516 1018 per
536 959 699 1017 quem
730 937 899 995 solent
940 938 1093 1013 infigi
1129 937 1425 996 memoriae.
1457 938 1683 997 Verius
1667 954 1855 1020 ltaque
1914 994 1929 1003 ,,

117 1025 597 1097 dixerinmS,cu1n
628 1026 733 1083 tale
775 1026 984 1106 aliquid
1025 1025 1257 1095 accidit,
1306 1047 1419 1083 non
1460 1027 1848 1099 meminimUS,

117 1133 282 1191 quam
312 1134 423 1170 non
447 1112 777 1172 audivimus
811 1114 948 1170 Nam
976 1126 1029 1170 et
1058 1071 1364 1188 legentibus
1386 1113 1610 1183 evenit‚‘
1636 1127 1689 1171 et
1713 1074 1854 1172 mihi

117 1200 443 1279 saepissime,
470 1214 533 1258 ut
556 1200 795 1279 perlecta
818 1200 1018 1279 pagina
1046 1199 1132 1259 vel
1160 1199 1418 1280 epistola,
1451 1158 1684 1257 nesciam
1717 1201 1853 1279 quid

115 1287 333 1363 legerim
355 1334 369 1356 ‚
395 1301 447 1345 et
473 1301 735 1368 repetam.
773 1289 838 1344 ln
866 1288 1018 1346 aliu‘d
1038 1287 1248 1368 quippe
1266 1288 1474 1357 intento
1497 1301 1636 1346 nutu
1660 1288 1853 1348 volun-

31 1423 36 1427 .
117 1376 240 1432 tatis
260 1422 274 1446 ‚
308 1397 419 1433 non
443 1376 519 1434 sic
542 1390 620 1433 est
646 1375 898 1434 adhibita
919 1376 1181 1434 memoria
1206 1376 1382 1432 sensui
1405 1376 1650 1455 corporis
1667 1422 1682 1447 ,
1711 1396 1852 1457 quo-

117 1465 281 1523 modo
309 1465 424 1544 ipse
446 1486 625 1523 sensus
648 1464 931 1522 adhibitus
954 1478 1033 1522 est
1060 1464 1268 1523 litteris,
1307 1465 1393 1520 Ita
1421 1477 1474 1521 et
1510 1463 1852 1522 ambulantes

115 1553 323 1610 intenta
341 1553 399 1609 in
423 1552 573 1610 aliud
598 1552 876 1610 voluntate
901 1598 915 1622 ‚
940 1551 1190 1610 nesciunt
1208 1572 1316 1631 qua
1332 1550 1674 1608 transierint:
1700 1550 1852 1630 quod

118 1642 160 1698 si
188 1663 298 1698 non
321 1640 607 1706 vidissent,
640 1639 1143 1697 non'ambulassent
1159 1685 1172 1710 ‚
1206 1651 1297 1695 aut
1320 1642 1522 1712 majore
1548 1637 1852 1695 intentione

115 1727 397 1808 palpando
421 1727 814 1799 ambulassent,
845 1727 1149 1806 praesertim
1174 1728 1216 1783 si
1235 1746 1335 1804 per
1352 1724 1629 1800 incognita
1649 1746 1849 1804 perge-

117 1828 273 1872 rent:
322 1814 414 1872 sed
454 1814 582 1893 quia
621 1814 780 1871 facile
823 1814 1276 1884 ambulaverunt,
1323 1812 1510 1891 utique
1547 1811 1842 1870 viderunt:

118 1903 247 1982 quia
268 1923 393 1961 vero
408 1923 517 1958 non
541 1901 682 1959 sicut
699 1922 881 1958 sensus
898 1901 1186 1958 oculorum
1207 1900 1340 1957 locis
1354 1920 1701 1978 quacumque
1724 1920 1849 1978 per-

118 1991 351 2065 gebant,
382 1990 459 2046 ita
491 1988 597 2068 ipsi
630 1988 806 2045 sensui
833 1987 1089 2045 memoria
1109 1986 1467 2062 jungebatur,
1499 1985 1652 2043 nullo
1682 1984 1849 2043 modo

117 2078 175 2136 id
203 2077 355 2158 quod
378 2077 634 2136 viderunt
668 2076 829 2133 etiam
862 2076 1292 2133 recentissimum
1319 2073 1622 2132 meminisse
1649 2086 1851 2153 potue-

117 2178 265 2223 runt.
303 2165 334 2221 J
341 2186 424 2221 am
451 2185 617 2244 porro
643 2164 711 2220 ab
736 2183 798 2219 eo
822 2162 972 2241 quod
992 2162 1049 2218 in
1072 2160 1332 2218 memoria
1355 2175 1435 2217 est
1453 2206 1468 2231 ,
1497 2161 1666 2218 animi
1681 2161 1853 2217 aciem

117 2253 254 2311 velle
282 2266 519 2311 avertere
542 2299 556 2323 ‚
581 2250 723 2308 >nihil
748 2264 826 2307 est
855 2250 1001 2307 aliud
1027 2271 1192 2328 quam
1222 2270 1333 2306 non
1356 2248 1485 2305 inde
1506 2249 1759 2323 cogitare.
1895 2260 1898 2261 ’

200 2340 348 2397 XVI.
382 2341 447 2396 In
470 2339 578 2395 hac
601 2338 767 2413 igitur
788 2336 1172 2394 distributione
1207 2357 1333 2393 cum
1355 2336 1651 2415 incipimus
1681 2357 1709 2393 a
1730 2356 1849 2415 spe-

120 2428 201 2485 cie
226 2426 493 2506 corporiS‚
517 2438 570 2482 et
608 2426 955 2505 pervenimus
983 2445 1154 2504 usque
1177 2423 1247 2480 ad
1296 2424 1531 2503 speciem
1558 2444 1684 2503 quae
1706 2424 1770 2480 fit
1791 2423 1851 2480 in

115 2515 368 2572 contuitu
403 2513 691 2588 cogitantis
708 2559 721 2583 ,
771 2526 1010 2592 quatuor
1058 2511 1262 2591 species
1299 2511 1649 2590 reperiuntur
1691 2511 1847 2590 quasi

116 2603 381 2678 gradatim
415 2615 558 2659 natae
588 2601 750 2659 altera
778 2623 837 2658 ex
858 2601 1023 2658 altera
1055 2623 1067 2656 :
1096 2598 1333 2657 secunda
1357 2599 1425 2655 de
1446 2598 1648 2678 prima,
1684 2599 1845 2656 tertia

117 2692 184 2748 de
205 2690 440 2748 secunda
463 2737 476 2760 ,
513 2703 707 2770 quarta
740 2689 808 2746 dc
843 2690 1017 2748 tertia.
1059 2690 1103 2746 A
1141 2688 1319 2766 specie
1351 2687 1563 2767 quippe
1604 2687 1852 2766 corporis

118 2777 268 2858 quod
298 2777 560 2847 cernitur,
593 2779 828 2834 exoritur
851 2798 912 2834 ca
939 2797 1065 2857 quae
1087 2777 1149 2833 fit
1175 2777 1234 2831 in
1265 2795 1422 2832 sensu
1467 2775 1757 2845 cernentis,
1803 2787 1856 2831 et

121 2866 191 2924 ab
227 2865 333 2921 hac
362 2885 422 2920 ea
451 2885 578 2943 quae
606 2866 669 2921 fit
690 2866 747 2921 in
779 2866 1038 2921 memoria
1062 2909 1075 2932 ‚
1126 2875 1193 2940 et,
1229 2862 1298 2919 ab
1323 2861 1428 2918 hac
1473 2882 1533 2918 ea
1559 2882 1684 2941 quae
1713 2862 1777 2919 fit
1798 2863 1857 2920 in

123 2951 235 3010 acie
263 2951 568 3026 cogitantis,
607 2951 960 3030 Quapropter
984 2949 1232 3007 voluntas
1250 2948 1404 3028 quasi
1422 2962 1706 3028 parentem
1725 2970 1854 3008 cum

120 3039 277 3121 prole
300 3052 379 3096 ter
403 3038 677 3117 copulat:
715 3039 896 3118 primo
920 3038 1156 3117 speciem
1183 3037 1427 3117 corporis
1450 3056 1579 3094 cum
1603 3058 1663 3094 ea
1691 3058 1860 3118 quam

123 3127 296 3203 gignit
325 3128 381 3185 in
413 3127 657 3206 corporis
680 3146 866 3198 sensu;
914 3139 967 3184 et
989 3126 1166 3206 ipsam
1191 3146 1378 3184 rursus
1403 3145 1532 3183 cum
1561 3146 1622 3184 ea
1651 3146 1778 3206 quae
1802 3126 1868 3182 fit

125 3236 186 3273 ex
223 3214 368 3274 illa
355 3237 412 3273 1n
459 3213 752 3282 memoria;
792 3226 956 3295 atquc
1001 3214 1183 3274 istam
1206 3234 1429 3295 quoque
1457 3213 1619 3272 tertio
1651 3233 1781 3271 cum
1815 3233 1878 3271 ea
