2144 3808
347 323 367 363 1
382 305 460 376 46
851 326 896 364 5.
948 321 1257 365 Aucusrml
1301 326 1555 365 EPISCOPI

339 418 538 466 verunt
561 405 866 495 Ecclesiam
887 406 1288 488 praedicantem
1311 408 1594 468 Trinitatis
1618 431 1786 469 unam
1802 409 2072 471 eamdem-

336 515 446 577 que
466 508 765 554 naturam.
792 495 1094 574 quoniam
1079 494 1142 553 hi
1164 508 1270 554 tres
1298 496 1394 579 qui
1413 497 1556 556 trino
1587 499 1753 558 modo
1782 499 2076 577 significati

337 597 503 656 sunt,
537 604 711 643 unum
741 594 904 651 sunt3
937 567 1180 642 Ecclesia
1208 605 1337 643 vero
1374 606 1463 643 eos
1491 586 1838 667 praedicam,
1874 593 2076 675 corpus

335 686 417 732 est
446 672 676 733 Christi.
721 671 812 730 Sic
841 692 967 748 ergo
1013 680 1117 731 tres
1151 694 1236 731 res
1264 673 1470 755 quibus
1498 675 1791 753 significati
1823 692 1983 751 sunt,
2015 700 2075 737 ex

334 782 566 843 corpore
599 760 825 820 Domini
852 760 1095 820 exierunt
1130 784 1144 819 ε
1178 762 1322 838 sicut
1354 784 1414 823 ex
1450 784 1682 847 corpore
1713 766 1939 825 Domini
1983 788 2076 825 so-

334 851 491 923 nuit,
524 863 586 910 ut
615 850 1032 932 baptizarentur
1060 863 1244 927 gentes
1264 850 1323 910 in
1344 852 1565 911 nomine
1595 854 1768 914 Patris
1798 867 1852 913 et
1873 855 1997 914 Filii
2026 868 2080 914 et

315 936 579 1020 ‘Spiritus
608 937 836 998 sancti1.
867 963 894 992 2>
949 939 1017 997 In
1054 938 1277 998 nomine
1299 986 1315 1013 ,
1359 961 1472 999 non
1509 941 1569 1000 in
1606 943 1922 1025 nominibus
1956 966 1970 1002 ε
2016 943 2081 1009 hi

337 1029 483 1087 enim
504 1042 610 1087 tres
633 1049 806 1087 unum
831 1041 959 1086 sunt
977 1076 991 1101 ,
1020 1040 1073 1087 et
1094 1028 1155 1087 hi
1176 1042 1284 1088 tres
1311 1051 1452 1089 unus
1475 1043 1553 1089 est
1576 1033 1740 1092 Deus
1771 1033 1829 1092 Si
1849 1054 1961 1115 quo
1987 1053 2080 1091 au-

339 1130 450 1175 tem
480 1116 584 1175 alio
607 1116 773 1176 modo
804 1117 944 1190 tanti
973 1118 1298 1175 sacramenti
1325 1119 1427 1177 ista
1456 1118 1806 1200 profunditas
1828 1168 1842 1193 ,
1877 1142 2001 1203 quae
2021 1121 2081 1179 in

336 1206 587 1288 Epistola
607 1206 835 1265 Joannis
866 1205 1096 1282 legitur,
1130 1207 1326 1287 exponi
1354 1221 1408 1266 et
1430 1208 1660 1285 intelligi
1687 1223 1868 1290 potest
1890 1231 2081 1274 secun-

338 1295 474 1355 dum
505 1296 839 1354 catholicam
875 1295 1040 1352 fidem
1073 1317 1250 1376 ,quae
1285 1318 1387 1354 nec
1425 1297 1717 1356 confundit
1739 1321 1840 1357 nec
1868 1313 2082 1381 separat

343 1385 698 1455 Trinitatem,
732 1405 832 1441 nec
858 1383 1054 1441 abnuit
1075 1396 1182 1443 tres
1205 1406 1493 1466 personas,
1523 1407 1625 1445 nec
1650 1387 1888 1446 diversas
1909 1389 2084 1448 credit

338 1495 448 1532 esse
491 1472 858 1545 substantias,
911 1471 1062 1531 nulla
1106 1473 1317 1532 ratione
1355 1475 1726 1557 respuendum
1765 1490 1859 1538 est.
1916 1461 2083 1550 Quod

337 1565 483 1623 enim
512 1563 583 1622 ad
612 1562 934 1622 exercendas
962 1576 1168 1620 mentes
1199 1563 1483 1622 fidelium
1467 1586 1525 1623 1n
1556 1566 1860 1648 Scripturis
1885 1567 2082 1626 sanctis

337 1653 570 1711 obscure
597 1653 827 1734 ponitur
849 1698 864 1723 ,
898 1650 1292 1727 gratulandum
1315 1665 1394 1711 est
1414 1700 1429 1726 ,
1457 1653 1500 1712 si
1524 1654 1712 1713 multis
1736 1655 1945 1729 modis,
1971 1678 2083 1715 non

336 1755 520 1800 tamen
541 1741 862 1823 insipienter
885 1739 1196 1820 exponitur.

420 1831 635 1889 XXIII.
698 1842 754 1888 1⁰
790 1827 944 1900 Quid
972 1841 1050 1886 est
1080 1841 1262 1888 autem
1291 1850 1403 1911 quo
1426 1829 1465 1889 d
1501 1831 1701 1912 poscis
1735 1844 1797 1892 ut
1826 1845 2085 1892 astruam:

340 1948 367 1974 α
392 1919 451 1979 Si
483 1922 644 1977 Pater
669 1931 723 1976 et
757 1917 927 1976 Filius
954 1930 1007 1974 et
1036 1917 1275 1998 Spiritus
1311 1932 1530 1977 sanctus
1559 1941 1700 1979 unus
1731 1935 1811 1980 est
1840 1924 2022 1982 Deus?
2057 1950 2084 1977 2)

341 2010 485 2068 Cum
508 2008 619 2067 hoc
638 2019 847 2066 astruat
865 2027 999 2066 voce
1021 2005 1317 2065 clarissima
1341 2007 1630 2089 Scriptura
1648 2009 1836 2069 divina
1855 2009 2042 2071 dicens
2065 2033 2079 2070 ε

341 2126 367 2154 «
394 2097 572 2171 Audi,
603 2096 777 2156 Israel
796 2144 811 2168 ,
835 2095 1107 2155 Dominus
1126 2095 1271 2155 Deus
1297 2109 1426 2155 tuus
1449 2098 1719 2158 Dominus
1743 2121 1886 2161 unus
1902 2102 2031 2162 est2.
2059 2127 2086 2156 »

343 2188 510 2262 Quod
542 2201 595 2246 et
623 2208 722 2247 vos
752 2185 944 2268 utique
974 2184 1232 2244 audiretis
1253 2232 1268 2258 ‚
1299 2186 1538 2260 siIsrael
1565 2209 1674 2246 esse
1706 2189 1940 2263 velletiS,
1973 2213 2087 2254 non

343 2278 634 2339 carnaliter
663 2289 726 2336 ut
762 2274 976 2346 Judaei,
1023 2274 1116 2334 sed
1154 2275 1475 2356 spiritaliter
1510 2290 1575 2335 ut
1612 2277 1930 2340 Christiani.
1971 2281 2087 2357 Qui

345 2368 491 2427 enim
520 2389 634 2426 non
657 2364 780 2426 vult
802 2363 1037 2423 fideliter
1058 2363 1253 2423 audire
1278 2363 1432 2446 quod
1457 2363 1671 2424 dictum
1707 2380 1784 2425 est
1814 2390 1828 2424 :
1859 2394 1886 2422 t<
1908 2366 2082 2440 Audi,

346 2485 376 2513 >2
399 2455 600 2525 Israel,
641 2454 910 2513 Dominus
940 2453 1085 2511 Deus
1130 2465 1258 2513 tuus
1299 2453 1570 2513 Dominus
1609 2475 1750 2513 unus
1781 2468 1894 2527 est,
1923 2482 1951 2509 >2
1992 2477 2088 2515 su-

343 2559 528 2631 perest
558 2558 620 2605 ut
654 2566 779 2604 eum
806 2543 906 2626 qui
940 2542 1051 2603 hoc
1086 2542 1255 2616 dixit,
1291 2543 1479 2602 credat
1506 2565 1616 2602 esse
1646 2544 1985 2606 mendacem.
2028 2543 2088 2606 Si

353 2651 536 2697 autem
562 2633 795 2694 mendax
822 2632 912 2691 ille
937 2653 1050 2691 non
1074 2645 1152 2694 est
1171 2679 1186 2704 ,
1219 2653 1321 2697 vox
1352 2632 1453 2690 ista
1476 2653 1603 2691 vera
1632 2644 1712 2691 est
1739 2654 1753 2690 ε
1790 2633 1834 2692 si
1855 2655 1954 2694 vox
1985 2634 2089 2693 ista

351 2749 480 2788 vera
504 2738 583 2797 est
602 2771 616 2795 ,
645 2721 878 2804 quaestio
902 2722 1003 2779 ista
1025 2721 1179 2778 finita
1205 2733 1299 2779 est.
1331 2719 1537 2778 Procul
1558 2719 1734 2779 dubio
1763 2722 1974 2804 quippe
1992 2744 2089 2795 vos

351 2816 548 2876 veritas
576 2811 723 2888 cogit
757 2810 977 2868 Patrem
1010 2822 1064 2867 et
1093 2807 1294 2867 Filium
1317 2820 1371 2867 et
1393 2808 1662 2889 Spiritum
1687 2807 1936 2871 sanctum
1958 2833 2088 2872 con-

354 2903 495 2965 fiteri
534 2922 709 2959 unum
743 2899 1046 2964 Dominum
1090 2899 1289 2958 Deum.
1343 2897 1450 2956 Sed
1493 2899 1762 2983 Spiritum
1797 2914 2082 2975 sanctum,

352 2997 514 3075 cujus
537 2987 801 3069 templum
819 3008 931 3045 non
952 2983 1362 3059 manufactum,
1389 2986 1481 3046 sed
1498 3008 1699 3068 corpus
1718 3001 1795 3046 est
1814 3002 2083 3066 nostrum,

355 3087 513 3160 cujus
544 3076 813 3175 templum
841 3096 953 3133 non
979 3073 1128 3152 ligna
1160 3087 1214 3134 et
1246 3034 1492 3157 lapides,
1539 3075 1634 3135 sed
1675 3077 1925 3137 membra
1961 3091 2088 3137 sunt
2142 3129 2143 3135 ,

356 3167 597 3239 Christi,
626 3163 831 3241 negatis
859 3164 1081 3222 Deum.
1110 3164 1217 3223 de
1202 3187 1322 3246 1pso
1357 3165 1583 3226 Christo
1609 3164 1747 3253 quid
1769 3165 1976 3232 dicturi
1999 3190 2087 3229 es-
2143 3175 2144 3226 ξ

414 3274 429 3303 ¹
453 3269 600 3315 Matth.
617 3282 765 3319 xxvm,
786 3280 855 3320 19.
877 3288 934 3297 -
954 3265 975 3297 ²
994 3269 1117 3312 Dent.
1140 3281 1202 3322 vx,
1228 3275 1272 3315 4,
