2144 3808
308 309 418 370 128
834 327 880 364 s·
934 325 1242 367 Ansusrtm
1285 302 1544 366 Erlscom

295 431 408 469 non
434 407 640 480 videas,
674 407 983 488 plurimum
1009 407 1200 468 miror.
1236 409 1360 467 Sive
1387 409 1545 466 enim
1589 429 1649 466 ex
1678 430 1911 491 persona
1936 432 2033 471 sua

300 498 411 556 hoc
437 496 719 579 Propheta
745 494 898 553 dicat
920 494 990 552 ad
1018 495 1323 554 Dominum
1344 497 1554 569 Jesum,
1577 497 1686 557 sive
1717 518 1776 556 ex
1805 520 2036 578 persona

301 585 480 643 Patris
503 584 574 643 ad
601 583 800 642 Filium
820 629 834 653 ,
868 603 997 640 cum
1024 603 1122 658 ego
1151 584 1341 642 ambas
1371 586 1742 660 generationes
1790 587 1996 645 Christi
2015 620 2034 659 ·,

303 687 357 733 et
373 695 433 732 ex
460 672 574 731 Deo
593 673 755 730 Patre
782 671 895 730 sine
918 674 1185 752 tempore,
1211 685 1264 730 et
1288 694 1348 730 ex
1384 673 1608 732 homine
1634 688 1808 732 matre
1837 675 1895 733 in
1914 676 2039 756 ple-

300 761 553 822 nitudine
583 760 842 841 temporis
864 761 1158 841 accipiam,
1192 782 1435 833 venerer,
1463 762 1790 842 praedicem,
1827 784 1940 822 non
1962 766 2040 823 est

303 852 417 910 hoc
450 850 820 908 testimonium
847 848 1133 914 adversum
1164 871 1267 910 me.
1299 850 1407 909 Sed
1436 873 1614 910 moras
1635 853 1908 911 innectere
1937 873 2040 921 voq-

301 939 464 998 luisse
491 938 701 997 indicat
718 953 793 1009 te,
818 937 914 996 ubi
938 959 1035 1014 ego
1057 939 1240 1018 potius
1260 938 1524 1015 intellige,
1553 960 1722 1020 quare
1745 967 1771 994 <‹
1791 942 1868 998 Ex
1888 953 2042 999 utero

301 1054 330 1082 »
358 1027 573 1097 dixerit,
608 1027 771 1102 genui
797 1040 849 1084 te
876 1048 890 1083 ι
921 1052 947 1079 >>
974 1027 1229 1108 quiahoc
1249 1040 1379 1085 et‘tu
1406 1050 1466 1085 ex
1487 1049 1721 1108 persona
1748 1029 1926 1087 Patris
1940 1050 2042 1087 ac·-

305 1117 444 1197 cipis
466 1116 699 1175 dictum.
739 1116 864 1174 Non
887 1116 1029 1174 enim
1054 1117 1521 1198 quemadmodum
1544 1117 1790 1199 corporis
1814 1118 2045 1176 humani

300 1218 428 1264 sunt
476 1205 723 1264 membra
761 1204 1025 1286 disposita
1044 1253 1058 1277 ,
1113 1206 1190 1264 sic
1237 1206 1409 1265 habet
1458 1220 1673 1265 uterum
1718 1209 1866 1265 Deus
1884 1254 1898 1278 ‚
1949 1206 2044 1265 sed

301 1294 534 1355 verbum
559 1293 882 1352 translatum
903 1307 980 1352 est
1022 1317 1051 1352 a
1076 1294 1348 1374 corporali
1373 1294 1443 1353 ad
1465 1295 1868 1375 incorporalem
1897 1295 2040 1352 sub-

301 1383 554 1440 stantiam
578 1428 593 1452 ,
625 1396 687 1440 ut
717 1381 1137 1458 intelligeremus
1165 1383 1233 1440 de
1257 1383 1437 1461 Patris
1462 1384 1767 1441 substantia
1791 1384 2038 1459 genitum

301 1470 642 1546 unigenitum
671 1469 905 1537 Filium3
940 1491 1002 1527 ac
1029 1491 1130 1549 per
1158 1470 1272 1543 hoc
1311 1470 1448 1551 quid
1488 1470 1638 1529 aliud
1672 1492 1841 1552 quam
1880 1471 2045 1530 unius

301 1558 654 1653 ejusdemque
675 1557 1036 1616 substantiae?
1059 1559 1173 1635 Ego
1198 1560 1382 1639 itaque
1401 1560 1511 1618 hoc
1528 1560 1900 1619 testimonium
1917 1582 2044 1640 pro-

302 1647 442 1706 ferre
472 1659 664 1705 contra
692 1659 744 1704 te
768 1646 938 1704 debui
969 1668 982 1706 ε
1010 1646 1103 1704 sed
1129 1648 1330 1723 gratias
1354 1669 1454 1724 ago
1478 1649 1610 1729 quia
1631 1648 2036 1708 commonuisti.

307 1734 608 1793 Considera
635 1754 762 1810 ergo
787 1747 1058 1814 quantum
1077 1734 1206 1792 mali
1238 1735 1327 1807 sit,
1351 1735 1502 1815 quod
1526 1741 1570 1812 ej
1582 1735 1763 1794 usdem
1782 1731 2045 1794 substan-

301 1823 394 1900 tiae
423 1823 625 1883 Filium
654 1823 893 1899 negatis,
940 1843 1105 1903 quem
1135 1824 1378 1899 genitum
1427 1825 1766 1882 confitemini
1799 1845 1861 1882 ex
1892 1828 2045 1883 utero

301 1913 508 1983 Patris,
534 1902 800 1987 injuriam,
826 1912 1198 1988 gravissimam
1219 1912 1475 1971 facientes
1505 1915 1620 1972 Deo
1637 1960 1652 1985 ,
1679 1913 2046 1993 tanquam-il-

298 1999 400 2060 lud
425 1999 578 2080 quod
601 2000 716 2080 ipse
738 2021 847 2058 non
866 2014 1020 2074 esset,
1048 2022 1108 2059 ex
1125 2015 1278 2059 utero
1295 2002 1511 2077 gignere
1533 2005 1816 2082 potuisset.
1849 2003 2045 2060 Nonne

303 2089 510 2149 sentitis
539 2110 636 2149 vos
664 2092 1074 2167 ,generationem
1113 2091 1214 2149 Dei
1253 2090 1471 2149 credere
1511 2092 1762 2150 vitiosam
1783 2137 1797 2163 ,
1830 2090 2044 2172 praedi-

302 2199 426 2236 care
451 2190 884 2255 monstruosam,
913 2179 1012 2260 qui
1049 2178 1229 2237 dicere
1263 2178 1474 2237 audetis
1502 2201 1562 2237 ex
1595 2192 1748 2237 utero
1777 2180 1879 2236 Dei
1908 2200 2045 2259 pro-

303 2266 517 2325 cessisse
546 2267 818 2327 diversam
861 2272 1155 2326 naturam?
1187 2268 1244 2325 Si
1281 2281 1462 2326 autem
1505 2268 1617 2326 hoc
1643 2268 1785 2326 sicut
1837 2267 2046 2325 debetis

301 2354 560 2427 horretiS,
587 2356 950 2438 respuitisque
984 2357 1275 2414 nobiscum
1294 2403 1309 2429 ,
1337 2361 1454 2432 jam
1479 2355 1702 2414 tandem
1748 2355 2046 2433 concilium

302 2441 595 2501 Nicaenum
616 2457 670 2502 et
696 2447 1072 2515 Homousz'on
1100 2445 1323 2504 laudate
1351 2467 1415 2503 ac
1447 2459 1622 2504 tenete
1643 2445 1954 2504 nobiscum.
2004 2499 2016 2512 ,

384 2544 446 2590 2⁰
482 2532 620 2603 Quis
651 2546 836 2591 autem
872 2554 985 2591 non
1013 2533 1199 2593 videat
1233 2534 1508 2592 defectum
1555 2547 1712 2592 tuum
1736 2579 1750 2604 ,
1787 2532 1887 2590 ubi
1917 2552 2073 2591 cum·

301 2619 562 2692 audisseS,
595 2643 682 2686 me
707 2614 1191 2694 commemorante,
1226 2623 1284 2681 in
1311 2622 1608 2702 prophetia
1632 2621 1821 2678 dixisse
1846 2620 2040 2678 Chris-

295 2721 412 2766 tum
427 2730 524 2767 suo
542 2710 724 2768 Patri:
743 2737 770 2764 <‹
791 2712 872 2768 De
888 2723 1074 2770 ventre
1086 2710 1275 2767 matris
1295 2731 1429 2767 meae
1445 2711 1593 2766 Deus
1616 2730 1767 2766 meus
1785 2730 1839 2766 es
1856 2721 1916 2766 tu
1938 2707 1962 2745 1
1983 2733 1997 2776 3
2019 2734 2045 2760 ›>

302 2810 364 2854 ut
394 2797 813 2873 intelligeremus
844 2803 959 2875 ejus
984 2811 1211 2856 ‚naturae
1243 2797 1397 2870 illum
1424 2818 1533 2854 esse
1551 2798 1727 2855 Deum
1748 2818 1916 2877 quam
1949 2796 2044 2853 Fi-

297 2883 403 2943 lius
427 2886 597 2965 ipsius
624 2909 683 2945 ex
714 2901 961 2967 tempore
993 2886 1062 2945 de
1092 2899 1276 2944 ventre
1308 2886 1498 2943 matris
1538 2886 1782 2966 accepit,
1825 2886 2043 2943 Patrem

296 2992 426 3031 vero
454 2985 669 3032 naturae
690 2974 835 3032 illius
857 2995 1024 3053 quam
1057 2973 1125 3032 de
1149 2995 1201 3031 se
1228 2974 1346 3053 ipse
1378 2974 1653 3048 generavit
1683 2995 1696 3030 ε
1731 2987 1789 3030 tu
1806 2994 1920 3030 non
1946 2972 2041 3029 in-

293 3058 512 3118 veniens
537 3059 675 3140 quid
704 3060 1060 3140 responderes
1081 3107 1093 3130 ‚
1126 3074 1307 3118 tamen
1331 3082 1398 3117 ne
1430 3073 1635 3118 taceres
1663 3059 1842 3117 dixisti
1870 3081 1883 3116 :
1907 3084 1933 3111 c<
1962 3059 2041 3114 Ex
2078 3130 2081 3133 ¹

294 3159 483 3207 ventre
508 3148 696 3206 matris
740 3162 931 3207 natum
961 3149 1235 3229 profiteris
1266 3149 1551 3207 Christum
1577 3144 1880 3207 secundum
1910 3167 2040 3204 car-

351 3249 367 3279 ²
389 3249 499 3293 Psal..
518 3262 607 3303 xxx,
634 3263 649 3291 1
665 3265 702 3297 π.
