2144 3808
618 288 692 342 διε
731 289 1057 351 rmmmrz,
1104 297 1217 363 ¹5¹⁸·
1269 299 1310 340 1.
1715 288 1845 359 '217

120 384 360 446 hominis
376 381 654 461 Judicabit
675 427 690 451 ‚
718 393 781 439 ut
803 381 994 441 verum
1028 380 1097 446 sit'
1126 379 1278 461 quod
1302 379 1378 438 ait
1409 402 1424 437 ε
1450 405 1478 434 α
1507 381 1652 440 Cum
1679 379 1850 442 vene-

122 501 150 530 »
173 475 245 533 rit
267 474 432 532 Filius
456 470 695 530 hominis
716 517 732 542 ‚
757 484 893 529 tunc
923 470 1406 546 congregabuntur
1429 482 1550 527 ante
1575 491 1701 527 eum
1726 492 1851 528 om-

121 590 149 617 »
172 585 264 622 nes
284 560 538 638 gentes13
566 587 593 614 55
615 572 670 617 et
686 580 799 620 non
817 559 962 617 filius
982 557 1223 616 hominis
1242 557 1552 633 judicabit,
1578 569 1641 614 ut
1660 577 1853 616 verum

119 651 188 709 sit
213 648 366 731 quod
395 649 470 708 ait
497 671 511 706 ε
548 673 574 700 «
602 649 717 726 Ego
747 668 860 705 non
881 645 1228 723 judicabo23
1261 658 1343 715 et,
1374 646 1489 721 Ego
1508 666 1619 702 non
1665 664 1855 724 quaero

122 765 149 792 »
173 738 396 815 gloriam
427 759 633 809 meam,
668 750 748 795 est
780 736 879 817 qui
915 748 1129 815 quaerat
1155 747 1210 792 et
1229 733 1446 811 judicet
1460 734 1503 794 ³.
1535 759 1563 788 »
1596 734 1740 791 Nam
1767 753 1856 790 se-

120 822 366 886 cundum
393 826 452 883 id
485 824 636 906 quod
673 825 732 882 in
763 823 978 900 Judicio
1007 845 1119 882 non
1156 822 1332 881 forma
1370 822 1509 893 Dei,
1549 821 1642 880 sed
1677 819 1856 878 forma

121 916 221 974 filii
241 914 478 973 hominis
503 913 831 995 apparebit,
863 926 964 971 nec
983 912 1100 993 ipse
1130 914 1293 971 Pater
1307 911 1603 988 judicabit.
1643 910 1858 968 Secun-

121 1003 256 1063 dum
283 1005 394 1063 hoc
420 1004 567 1062 enim
595 1003 807 1062 dictum
845 1015 924 1060 est
950 1024 965 1060 ε
1004 1029 1031 1056 <‹
1058 1004 1223 1060 Pater
1260 1023 1375 1059 non
1409 1000 1630 1077 judicat
1660 1019 1860 1080 quem-

121 1119 150 1147 »
174 1114 342 1174 quam
361 1139 376 1165 ,
407 1092 501 1150 sed
525 1113 684 1151 omne
698 1091 975 1168 judicium
1007 1090 1162 1150 dedit
1185 1091 1324 1149 Filio
1339 1089 1383 1150 4.
1421 1116 1448 1143 >2
1474 1088 1642 1161 Quod
1672 1101 1861 1146 utrum

121 1202 182 1239 ex
211 1180 305 1240 illa
327 1179 605 1239 locutione
629 1180 842 1238 dictum
871 1180 940 1237 sit
961 1226 976 1250 ‚
1012 1200 1180 1260 quam
1215 1200 1381 1259 supra
1404 1175 1863 1236 commemoravi-

110 1289 244 1328 mus
262 1316 278 1342 ,
306 1269 407 1328 ubi
443 1269 520 1328 ait
549 1291 563 1326 ε
609 1296 636 1322 ε(
661 1269 754 1327 Sic
781 1268 936 1327 dedit
968 1269 1106 1326 Filio
1135 1268 1342 1326 habere
1369 1268 1540 1326 vitam
1570 1267 1630 1324 in
1661 1275 1863 1323 semet-

122 1383 150 1412 »
175 1358 298 1438 ipso
316 1404 331 1429 ,
360 1384 387 1411 55
417 1370 481 1415 ut
510 1357 841 1432 significaret
862 1356 992 1436 quia
1015 1357 1091 1414 sic
1111 1356 1298 1432 genuit
1317 1355 1518 1412 Filium
1544 1367 1560 1412 ε’
1594 1375 1663 1411 an
1682 1375 1742 1411 ex
1770 1349 1866 1409 illa

123 1446 193 1505 de
217 1467 326 1526 qua
354 1445 604 1526 loquitur
634 1445 932 1525 Apostolus
963 1444 1151 1503 dicens
1178 1466 1193 1501 ε
1241 1470 1268 1497 ε(
1289 1445 1527 1524 Propter
1552 1441 1705 1524 quod
1741 1460 1868 1498 eum

127 1560 154 1588 »
179 1534 496 1606 suscitavit,
524 1546 578 1591 et
610 1533 839 1593 donavit
876 1533 957 1592 illi
987 1554 1188 1591 nomen
1217 1531 1369 1612 quod
1394 1543 1473 1589 est
1512 1552 1677 1611 super
1701 1549 1863 1605 omne

132 1648 157 1676 »5
179 1643 400 1682 nomen.
437 1648 465 1675 »
509 1622 632 1679 Hoc
664 1621 810 1679 enim
855 1620 924 1679 de
964 1620 1079 1678 filio
1117 1620 1358 1677 hominis
1388 1618 1598 1676 dictum
1636 1629 1747 1688 est,
1777 1636 1866 1674 se-

126 1710 376 1769 cundum
421 1730 584 1790 quem
624 1709 727 1767 Dei
766 1709 947 1767 Filius·
974 1708 1235 1766 excitatus
1284 1720 1365 1765 est
1399 1729 1430 1765 a
1471 1705 1722 1764 mortuis,
1770 1701 1870 1761 1116

128 1799 340 1879 quippe
366 1799 425 1856 in
443 1797 622 1856 forma
645 1798 747 1856 Dei
781 1797 1006 1877 aequalis
1034 1798 1216 1872 Patri,
1251 1818 1312 1854 ex
1346 1817 1459 1877 quo
1494 1817 1547 1854 se
1576 1792 1871 1853 exinanivit

126 1887 362 1946 formam
402 1888 539 1945 servi
574 1886 883 1967 accipienS‚
929 1886 989 1944 in
1014 1886 1134 1967 ipsa
1171 1884 1348 1944 forma
1386 1885 1527 1944 servi
1556 1897 1610 1942 et
1646 1883 1788 1959 agit,
1817 1893 1871 1938 et

128 1974 371 2056 patitur,
415 1987 470 2032 et
508 1974 740 2054 accipit,
773 1995 900 2054 quae
929 1987 1321 2056 consequenter
1355 1973 1594 2032 contexit
1625 1973 1872 2052 Aposto-

129 2063 215 2123 lus
245 2086 275 2141 ².
295 2089 322 2117 «
344 2062 674 2123 Humiliavit
701 2084 784 2135 56,
810 2063 989 2122 factus
1012 2063 1273 2122 obediens
1301 2083 1474 2143 usque
1504 2061 1569 2120 ad
1603 2073 1866 2130 mortem,

131 2177 159 2206 »
182 2164 415 2210 mortem
433 2165 614 2210 autem
637 2152 816 2210 crucis
846 2174 860 2209 :
889 2165 1119 2232 propter
1143 2150 1295 2231 quod
1309 2165 1363 2208 et
1381 2153 1528 2209 Deus
1549 2143 1707 2208 illum
1723 2147 1873 2206 exal·-

131 2267 160 2295 >›
178 2242 353 2313 tavit,
381 2254 434 2300 et
457 2240 683 2299 donavit
704 2241 752 2299 ei
772 2262 972 2298 nomen
996 2240 1148 2320 quod
1171 2253 1432 2319 estsuper
1454 2260 1616 2297 omne
1639 2257 1868 2307 nomen,

133 2355 161 2383 55
181 2342 245 2387 ut
264 2331 322 2387 in
344 2330 565 2388 nomine
587 2330 620 2385 J
624 2350 717 2387 esu
742 2351 902 2388 omne
922 2350 1063 2406 genu
1087 2330 1362 2401 flectatur,
1388 2326 1693 2388 coelestium
1713 2373 1728 2400 ‚
1756 2339 1874 2384 ter-

134 2444 161 2471 »
185 2418 440 2476 restrium
479 2429 534 2474 et
560 2415 902 2475 infernorum
926 2464 941 2488 ,
987 2430 1040 2476 et
1068 2418 1244 2476 omnis
1279 2417 1468 2494 lingua
1506 2417 1835 2475 confiteatur
1854 2459 1869 2484 ‚

135 2531 162 2559 ›>
185 2506 316 2586 quia
335 2505 606 2564 Dominus
631 2510 780 2563 Jesus
804 2506 1060 2564 Christus
1084 2506 1142 2564 in
1166 2505 1336 2582 gloria
1358 2517 1436 2563 est
1462 2504 1564 2561 Dei
1594 2501 1816 2561 Patris5.
1838 2527 1867 2554 »
1914 2540 1923 2547 -

135 2594 336 2652 Utrum
364 2614 492 2669 ergo
520 2592 825 2651 secundum
856 2594 1007 2651 illam
1033 2640 1047 2665 ‚
1087 2616 1156 2651 an
1185 2592 1490 2652 secundum
1519 2591 1680 2650 istam
1713 2589 1878 2648 locu-

136 2685 342 2742 tionem
371 2682 583 2741 dictum
611 2683 681 2741 sit
709 2705 724 2740 ε
755 2698 786 2736 «·
809 2685 989 2742 Omne
1011 2683 1288 2760 judicium
1317 2681 1470 2739 dedit
1500 2680 1670 2752 Filio,
1698 2706 1724 2733 55
1747 2678 1876 2737 satis

136 2772 272 2831 hinc
292 2784 523 2852 apparet
540 2818 555 2844 ,
580 2772 710 2852 quia
735 2772 778 2830 si
801 2771 1103 2831 secundum
1121 2770 1260 2830 illud
1285 2769 1556 2828 diceretur
1571 2766 1878 2826 secundum

131 2860 291 2943 ‘quod
334 2860 547 2918 dictum
578 2871 656 2917 est
683 2881 697 2917 ε
745 2886 772 2914 c<
798 2860 964 2918 Dedit
992 2860 1132 2918 Filio
1162 2860 1368 2919 habere
1397 2858 1565 2917 vitam
1590 2856 1650 2915 in
1678 2867 1879 2914 semet-

116 2952 169 3003 v·»
206 2949 326 3030 ipso
352 2973 368 3017 ;
404 2973 430 3000 >³
473 2968 586 3004 non
637 2947 828 3028 utique
867 2948 1140 3007 diceretur
1166 2969 1181 3005 ε
1238 2975 1264 3001 «
1299 2948 1464 3005 Pater
1510 2966 1624 3003 nou
1665 2943 1886 3020 judicat

134 3041 170 3092 5)
191 3035 584 3118 quemquamss.
614 3060 641 3088 5)
665 3034 1001 3096 Secundum
1009 3037 1121 3097 hoc
1144 3036 1294 3095 enim
1315 3033 1469 3117 quod
1489 3032 1756 3116 aequalem
1780 3033 1885 3090 Pa-

157 3161 353 3206 matth
375 3175 473 3210 xxV,
501 3163 570 3203 31
593 3183 649 3192 —
682 3158 703 3189 ²
725 3163 844 3203 Joan
865 3169 1103 3215 ¹1¹‚47·-·
1129 3158 1149 3194 ³
1175 3160 1238 3205 Id.
1269 3175 1364 3246 vui,
1387 3155 1718 3210 50.-⁴1d.v,
1741 3171 1877 3202 22.—

143 3229 164 3262 ⁵
191 3229 341 3286 Philip.
363 3243 414 3284 11,
438 3243 485 3283 9·
494 3243 564 3274 11.
587 3224 678 3260 -θ
698 3230 819 3271 Jonu.
841 3244 884 3285 v,
904 3243 975 3276 υ,
