2144 3808
585 284 655 322 nr,
697 282 1017 336 ΤΒιΝιΤΑΤΕ,
1064 287 1307 327 L113.x1.
1714 276 1832 347 465

115 374 270 421 vecta
290 375 367 420 est
392 362 605 431 anim03
630 364 775 422 intus
796 376 972 421 tamen
999 366 1202 440 agitur,
1227 381 1279 425 ct
1304 390 1414 426 non
1439 383 1516 428 est
1539 373 1840 455 quidquam

113 454 229 525 ejus
256 464 457 530 plaeter
484 451 652 530 ipsius
684 451 850 508 animi
878 465 1150 511 naturam.
1183 454 1308 524 Quo
1335 456 1501 531 igitur
1537 475 1701 538 pacto
1740 461 1840 520 de-

114 539 401 595 monstrari
426 552 634 619 potest,
679 539 956 598 voluntat(
945 561 1014 595 m
1057 562 1155 597 nec
1201 544 1353 620 quasi
1391 559 1703 623 parentem,
1743 570 1844 606 nec

114 625 267 721 quasi
297 625 507 704 prolem
536 647 680 691 esse
713 626 822 684 sive
846 646 1123 704 corporeae
1157 628 1526 688 similitudinis
1561 654 1687 712 quae
1724 655 1844 691 me-

115 711 285 768 moria
309 713 640 782 continetur,
670 713 778 769 sive
802 717 916 787 ejus
939 733 1064 792 quae
1086 713 1214 770 inde
1237 735 1363 772 cum
1381 718 1735 778 recordamur
1753 742 1846 779 ex-

118 799 398 877 primitur,
431 799 653 880 quando
678 813 970 879 utrumque
998 800 1056 856 in
1084 801 1413 876 cogitando
1398 818 1473 861 lta
1503 806 1754 884 copulat,
1783 821 1846 866 ut

121 898 381 965 tanquam
425 907 594 943 unum
641 886 986 960 singulariter
1027 901 1289 986 appareat
1310 935 1325 958 ‚
1373 903 1426 947 et
1468 891 1700 950 discerni
1744 894 1850 951 nisi

117 972 325 1030 ratione
353 995 463 1030 non
497 972 710 1052 possit?
754 976 929 1052 Atque
962 972 1100 1031 illud
1135 975 1376 1054 primum
1403 977 1703 1038 videndum
1731 993 1841 1050 est,

118 1080 229 1117 non
255 1082 363 1117 esse
382 1083 538 1140 posse
565 1060 902 1120 voluntatem
928 1061 1341 1133 reminiscendi,
1373 1064 1476 1121 nisi
1515 1065 1600 1124 vel
1628 1079 1804 1124 totum
1825 1112 1840 1137 ,

117 1146 201 1205 vel
225 1147 431 1228 aliquid
454 1149 529 1206 rei
564 1153 677 1224 ejus
698 1168 865 1227 quam
895 1148 1167 1206 reminisci
1187 1149 1477 1218 volumu8‚
1504 1152 1563 1209 in
1591 1167 1846 1232 penetra-

117 1234 263 1292 libus
297 1237 572 1294 memoriae
594 1249 888 1295 teneamus.
919 1235 1083 1306 Quod
1109 1237 1252 1294 enim
1277 1238 1425 1295 omni
1446 1238 1608 1296 modo
1627 1252 1679 1296 et
1699 1241 1848 1298 omni

117 1342 174 1378 ex
197 1337 354 1402 parte
376 1323 536 1381 obliti
559 1322 822 1381 fuerimus
837 1368 852 1392 ,
880 1343 980 1379 nec
1002 1323 1382 1380 reminiscendi
1404 1324 1654 1383 voluntas
1675 1325 1851 1383 exori-

118 1422 246 1466 tur:
274 1413 534 1490 quoniam
557 1408 831 1490 quidquid
848 1409 1121 1466 recordari
1141 1409 1420 1481 volunmS‚
1448 1411 1716 1469 recordati
1729 1417 1848 1487 jam

119 1518 304 1554 sumus
337 1498 394 1554 in
425 1499 686 1555 memoria
729 1509 911 1554 nostra
941 1517 1048 1552 esse
1079 1495 1164 1552 vel
1202 1497 1380 1555 fuisse.
1432 1497 1597 1555 Verbi
1635 1500 1805 1573 gratia
1829 1544 1844 1569 ‚

121 1584 180 1641 Si
209 1585 484 1663 recordari
511 1586 635 1644 volo
666 1584 802 1664 quid
831 1583 950 1640 heri
989 1585 1317 1642 coenaverim
1339 1629 1355 1655 ,
1400 1598 1494 1642 aut
1534 1585 1851 1643 recordatus

110 1676 227 1747 J'am
257 1694 376 1730 sum
405 1694 645 1731 coenasse
674 1694 760 1729 me
786 1718 800 1742 ‚
832 1684 924 1728 aut
948 1671 987 1727 si
1013 1683 1067 1727 et
1090 1671 1198 1750 hoc
1221 1671 1469 1728 nondum
1490 1717 1504 1742 ,
1539 1685 1680 1730 certe
1703 1674 1865 1731 circa.

118 1760 300 1838 ipsum
344 1773 559 1839 tempus
601 1759 811 1838 aliquid
855 1757 1172 1815 recordatus
1210 1779 1364 1829 sum,
1405 1759 1447 1815 si
1475 1758 1618 1816 nihil
1665 1759 1848 1830 aliud,

115 1846 298 1926 ipsum
324 1847 512 1904 saltem
548 1847 860 1904 hesternum
892 1845 1037 1902 diem
1062 1891 1077 1915 ,
1120 1858 1173 1902 et
1207 1849 1320 1919 ejus
1347 1867 1466 1902 eam
1502 1860 1715 1924 partem
1736 1868 1855 1926 >qua

120 1934 327 1992 coenari
353 1934 486 1992 solet
508 1981 522 2005 ‚
551 1948 603 1991 et
628 1934 766 2014 quid
793 1934 861 1990 sit
884 1953 1120 1990 coenare.
1151 1933 1291 1989 Nam
1314 1932 1356 1988 si
1379 1932 1520 1989 nihil
1543 1933 1648 1990 tale
1667 1955 1855 1991 recor-

121 2019 279 2078 datus
303 2041 464 2078 essem
486 2067 500 2091 ,
533 2020 670 2099 quid
706 2019 828 2077 heri
859 2018 1192 2076 coenaverim
1213 2062 1228 2088 ‚
1262 2017 1538 2076 recordari
1565 2019 1700 2078 velle
1741 2041 1855 2078 non

117 2127 350 2186 possem.
389 2106 547 2164 Unde
575 2106 805 2181 intelligi
842 2118 1056 2185 potest,
1099 2105 1438 2179 voluntatem
1471 2106 1852 2164 reminiscendi

120 2194 192 2251 ab
209 2193 273 2251 iis
293 2193 516 2273 quidem
544 2194 707 2251 rebus
735 2212 861 2272 quae
883 2191 1143 2248 memoria
1165 2190 1512 2248 continentur
1531 2191 1846 2270 procedere,

121 2281 392 2357 adjunctis
423 2279 584 2338 simul
611 2281 683 2337 eis
707 2301 832 2360 quae
856 2279 985 2336 inde
1007 2300 1105 2357 per
1125 2277 1554 2335 recordationem
1580 2279 1851 2336 cernendo

120 2368 520 2447 exprimuntur,
554 2367 610 2423 id
641 2379 747 2437 est,
775 2384 834 2422 ex
872 2365 1219 2462 copulatione
1255 2364 1335 2421 rei
1367 2363 1650 2439 cujusdam
1684 2386 1850 2463 quam

122 2455 392 2512 recordati
413 2476 627 2524 sumus,
660 2467 713 2510 ct
733 2453 952 2511 visionis
972 2473 1096 2531 quae
1126 2450 1252 2508 inde
1272 2449 1416 2508 facta
1436 2464 1514 2508 est
1535 2452 1594 2509 in
1616 2453 1730 2510 acie
1751 2474 1854 2511 co-

122 2541 338 2618 gitantis
366 2563 491 2599 cum
523 2540 792 2599 recordati
831 2560 1033 2597 sumus,
1082 2537 1187 2595 Sed
1227 2537 1344 2616 ipsa
1385 2557 1513 2634 quat:¹
1550 2552 1850 2619 utrumque

122 2629 350 2709 copulat
373 2629 655 2700 voluntas,
680 2627 908 2708 requirit
927 2639 981 2684 et
997 2624 1146 2683 aliud
1165 2623 1315 2703 quod
1338 2624 1492 2702 quasi
1515 2624 1755 2683 vicinum
1773 2639 1851 2684 est

122 2730 285 2796 atque
309 2717 628 2792 contiguum
657 2713 984 2774 recordanti.
1019 2714 1063 2768 T
1069 2724 1127 2768 ot
1147 2711 1311 2786 igitur
1333 2709 1498 2784 hujus
1520 2712 1724 2785 generis
1743 2712 1849 2769 tri-

121 2806 352 2876 nitateS,
381 2819 518 2886 quot
538 2803 936 2863 recordationes
951 2848 965 2873 ‚
993 2800 1122 2880 quia
1142 2797 1291 2856 nulla
1314 2810 1391 2854 cst
1415 2818 1599 2855 earum
1620 2799 1720 2856 ubi
1737 2820 1850 2857 non

122 2893 248 2950 haec
289 2892 393 2950 tria
424 2893 571 2963 sint,
618 2891 756 2949 illud
804 2889 953 2970 quod
995 2889 1052 2944 in
1093 2885 1352 2943 memoria
1386 2885 1728 2943 reconditum
1770 2899 1849 2944 est

122 2980 285 3037 etiam
316 2993 604 3060 antequam
628 2980 915 3054 cogitetur,
954 2988 1007 3032 et
1025 2973 1164 3032 illud
1189 2970 1338 3051 quod
1362 2970 1460 3028 fit
1445 2991 1502 3030 ln
1523 2973 1850 3048 cogitatione

125 3087 253 3124 cum
287 3068 548 3137 cernitur,
588 3079 642 3124 et
672 3065 926 3124 voluntas
962 3074 1259 3138 utrumque
1293 3061 1654 3133 conjungens,
1699 3072 1755 3117 et
1787 3081 1847 3118 ex

127 3167 356 3236 utroque
371 3177 434 3214 ac
451 3154 605 3214 tertia
617 3153 799 3232 seipsa
816 3170 988 3212 unum
1006 3146 1212 3229 aliquid
1234 3145 1548 3227 complens?
1566 3147 1652 3291 ἔτι
1664 3147 1849 3227 potius

288 3251 1648 3305 cxxxv11.0
