2144 3808
584 335 654 374 DE
697 318 1018 387 11111111Α111,
1065 328 1178 373 tin.
1230 334 1308 374 1v.
1711 315 1828 376 315

98 420 319 480 inferius
338 419 457 502 pati
475 429 686 500 posset,
717 414 868 497 quod
888 414 1207 474 immundus
1232 414 1452 474 daemon
1468 462 1483 488 ,
1509 417 1637 497 quia
1663 430 1827 477 10110-

95 531 231 569 num
260 528 460 589 corpus
496 523 609 566 non
649 504 850 575 habet,
889 504 1009 585 pati
1035 524 1148 562 non
1174 505 1361 585 possit.
1414 504 1505 562 Sic
1550 525 1679 563 cum
1719 506 1827 565 sint

96 600 205 680 ipsi
227 595 572 657 daemonibus
609 594 886 669 melioreS,
928 607 1109 655 tamen
1148 595 1278 675 quia
1315 615 1535 654 carnem
1558 607 1785 675 portant
1808 642 1824 668 ,

98 687 240 745 mori
265 686 341 744 sic
369 696 629 767 possunt,
680 681 1152 765 quemadmodum
1185 683 1329 742 mori
1370 680 1649 742 daemones
1677 708 1694 753 ;
1725 684 1834 766 'qui

95 792 207 834 non
230 797 350 835 eam
378 786 607 856 portant
627 820 642 845 ,
669 789 782 832 000
813 772 1004 855 utique
1024 786 1272 854 possunt.

177 865 332 942 XIX.
354 866 425 923 Et
440 884 568 932 cum
583 861 651 921 de
664 861 938 921 mortibus
952 862 1345 921 sacrificiorum
1360 874 1583 921 suorum
1595 860 1834 920 multum

95 964 470 1035 praesumant,
503 973 628 1034 quae
656 973 709 1011 se
731 950 1021 1010 fallacibus
1046 951 1407 1034 superbisque
1428 950 1713 1033 spiritibus
1725 950 1833 1032 im-

94 1042 301 1104 'molare
316 1059 429 1100 non
457 1041 720 1113 sentiunt,
739 1053 834 1098 aut
852 1040 896 1099 si
908 1045 1026 1117 jam
1049 1041 1312 1114 sentiunt,
1334 1039 1545 1122 aliquid
1570 1039 1676 1098 sibi
1692 1060 1833 1120 pro-

98 1130 247 1190 desse
282 1130 622 1190 arbitrantur
656 1128 999 1210 perfidorum
1036 1142 1090 1187 et
1130 1129 1447 1190 invidorum
1496 1128 1791 1188 amicitiam
1813 1175 1829 1200 ,

98 1228 335 1300 quorum
355 1219 673 1278 intentionis
704 1217 924 1276 nullum
955 1218 1232 1294 negotium
1264 1231 1375 1291 est,
1402 1217 1506 1276 nisi
1548 1216 1835 1298 impeditio

96 1307 304 1367 reditus
338 1307 526 1367 nostri.
565 1307 690 1365 Non
726 1305 1072 1382 intelligunt,
1103 1328 1171 1365 ne
1199 1307 1346 1387 ipsos
1375 1305 1599 1387 quidem
1636 1327 1834 1387 super-

98 1396 349 1456 bissimos
364 1396 589 1478 spiritus
601 1395 909 1454 honoribus
921 1395 1317 1454 sacrificiorum
1331 1394 1566 1471 gaudere
1576 1395 1836 1475 potuisse,

98 1485 204 1544 nisi
232 1484 329 1545 uni
352 1500 480 1546 vero
498 1486 613 1544 Deo
642 1506 747 1566 pro
776 1505 886 1565 quo
909 1482 1235 1544 colivolunt
1255 1531 1270 1556 ,
1293 1499 1486 1544 verum
1509 1483 1840 1542 sacrificium

101 1573 392 1634 deberetur
419 1595 434 1632 t
461 1588 637 1655 neque
666 1572 725 1631 id
755 1593 913 1653 posse
947 1571 1048 1630 rite
1074 1572 1288 1645 offerri,
1314 1572 1419 1631 nisi
1446 1594 1546 1652 per
1583 1570 1837 1630 sacerdo-

101 1675 213 1722 tem
243 1677 498 1724 sanctum
527 1675 573 1723 01
599 1667 815 1739 justum
837 1687 852 1730 3
875 1682 977 1719 nec
1009 1661 1114 1720 nisi
1138 1660 1211 1722 ab
1241 1660 1316 1720 eis
1352 1661 1656 1742 accipiatur
1686 1659 1840 1741 quod

103 1753 356 1826 offertur,
382 1773 488 1852 pro
517 1750 724 1834 quibus
747 1750 973 1809 offertur
991 1797 1006 1822 ,
1038 1762 1203 1831 atque
1230 1744 1289 1808 id
1328 1749 1441 1807 5100
1465 1748 1600 1810 vitio
1638 1749 1708 1807 sit
1729 1795 1745 1818 ,
1780 1761 1843 1808 ut

102 1862 206 1922 pro
215 1841 424 1902 vitiosis
436 1839 773 1899 mundandis
790 1839 962 1920 possit
978 1836 1213 1898 offen-11.
1241 1836 1366 1896 Hoc
1385 1850 1529 1896 certe
1542 1855 1728 1896 omnes
1745 1858 1840 1897 cu-

102 1930 302 2026 piunt,
341 1931 436 2013 qui
476 1948 581 2011 pro
612 1950 666 1987 se
691 1927 874 1988 offerri
916 1927 1251 1986 sacrificium
1292 1927 1410 1985 Deo
1451 1925 1663 1986 volunt.
1702 1926 1842 1997 Quis

105 2035 232 2096 ergo
256 2033 370 2079 tam
397 2024 579 2097 justus
606 2031 659 2077 e't
697 2028 917 2077 sanctus
942 2011 1231 2090 530011105,
1264 2031 1434 2099 quam
1457 2016 1652 2074 unicus
1675 2015 1841 2074 Filius
1869 2041 1871 2043 ·

106 2109 238 2180 Dei,
273 2108 372 2190 qui
397 2129 512 2167 non
550 2128 692 2189 opus
727 2106 960 2164 haberet
993 2118 1093 2187 per
1121 2104 1456 2164 sacrificium
1482 2125 1578 2162 sua
1607 2122 1844 2184 purgare

102 2210 367 2280 peccata,
393 2218 494 2256 nec
523 2194 842 2273 originalia,
875 2216 976 2252 nec
993 2215 1053 2252 ex
1072 2195 1319 2253 humana
1334 2194 1449 2253 vita
1472 2212 1599 2274 quae
1629 2191 1843 2251 addun-

107 2289 232 2344 tur?
279 2288 351 2345 Et
378 2285 477 2367 qui
508 2298 622 2343 tam
663 2294 1024 2359 congruenter
1058 2282 1128 2342 ab
1175 2281 1500 2342 hominibus
1540 2293 1844 2341 sumeretur

108 2372 259 2455 quod
274 2394 377 2454 pro
401 2373 475 2431 eis
502 2373 808 2443 offerretur,
834 2391 1001 2452 quam
1019 2370 1266 2429 humana
1287 2373 1453 2430 caro?
1484 2376 1557 2429 Et
1579 2370 1714 2451 quid
1732 2381 1846 2428 tam

110 2474 303 2543 aptum
323 2459 461 2520 huic
480 2461 889 2533 immolationi,
927 2481 1094 2541 quam
1119 2481 1247 2519 caro
1295 2459 1575 2519 mortalis?
1607 2461 1680 2518 Et
1708 2458 1846 2558 quid

110 2555 227 2608 tam
253 2548 527 2608 mundum
543 2571 646 2630 pro
665 2548 999 2607 mundandis
1016 2549 1163 2610 vitiis
1174 2548 1489 2607 mortalium
1503 2568 1712 2629 ‚quam
1731 2547 1844 2606 sine

110 2636 223 2698 ulla
246 2639 568 2715 contagione
582 2626 814 2697 carnalis
827 2637 1128 2719 concupisc
1124 2638 1293 2697 entiae
1313 2658 1441 2697 caro
1458 2649 1588 2695 nata
1611 2636 1672 2696 in
1691 2646 1846 2695 utero

112 2741 240 2787 etex
264 2740 420 2788 utero
443 2727 731 2805 virginali?
759 2729 830 2786 Et
853 2728 991 2809 quid
1019 2740 1132 2786 tam
1153 2740 1308 2805 grate
1339 2726 1521 2787 offerri
1562 2738 1616 2784 01
1643 2725 1849 2807 suscipi

113 2828 327 2899 posset,
355 2827 524 2899 quam
554 2831 683 2876 caro
705 2817 963 2877 sacrificii
992 2816 1201 2903 nostri,
1236 2838 1439 2899 corpus
1466 2817 1718 2874 effectum
1755 2836 1846 2874 sa-

115 2901 351 2964 cerdotis
377 2903 594 2965 nostrii)
628 2896 704 2964 Ut
731 2905 995 2988 quoniam
1037 2918 1276 2988 quatuor
1331 2898 1800 2965 considerantur
1783 2925 1845 2962 m

117 2994 268 3052 omni
294 2992 597 3066 sacrificiO,
625 2991 717 3053 cui
744 2996 1031 3069 offeratur,
1061 3017 1091 3054 a
1107 3016 1220 3078 quo
1245 2995 1531 3065 offeratur,
1559 2991 1698 3075 quid
1717 2992 1845 3051 offe-

115 3093 270 3164 ratur
288 3128 303 3156 ,
343 3095 447 3164 pro
485 3040 689 3163 quilius
718 3084 973 3144 offeratur
992 3130 1007 3159 ,
1063 3083 1211 3144 idem
1252 3084 1370 3166 ipse
1402 3103 1544 3142 unus
1574 3087 1845 3163 verusque

119 3165 422 3245 Mediator,
465 3178 565 3254 per
601 3171 929 3238 sacrificium
953 3173 1107 3256 pacis
1156 3171 1517 3235 reconcilians
1552 3191 1651 3231 nos
1690 3170 1839 3242 Deo,

180 3273 197 3333 ‚¹
219 3274 349 3320 Heb'r.
371 3288 445 3331 vn,
468 3288 539 3329 27.
