2144 3808
596 295 667 334 DE
710 292 1029 344 mmmmm,
1077 292 1189 333 Llss.
1241 293 1318 333 iv.
1723 273 1840 332 313

109 395 242 440 tuus
279 392 358 437 est
392 401 406 436 ι
440 390 494 436 et
522 376 647 436 ideo
674 374 1023 456 principatus
1045 387 1099 431 et
1140 387 1435 454 potestates
1475 373 1837 454 exemplavit,

113 467 450 527 fiducialiter
494 464 846 545 triumphans
887 484 973 521 eas
1010 462 1071 520 in
1117 462 1404 542 semetipso
1423 461 1466 521 1.
1521 467 1702 520 Morte
1749 482 1847 520 sua

110 557 323 638 quippe
351 576 462 613 uno
486 553 763 613 verissimo
793 550 1061 610 sacrificio
1090 572 1193 631 pro
1222 550 1384 608 nobis
1410 549 1598 608 oblato
1626 595 1641 620 ,
1677 549 1848 628 quid-

112 644 249 726 quid
269 643 561 724 culparum
588 656 703 701 erat
730 641 877 700 unde
903 662 1003 699 nos
1025 638 1370 721 principatus
1392 652 1446 696 et
1458 650 1750 719 potestates
1771 637 1843 695 ad

111 731 314 792 luenda
347 731 622 813 supplicia
652 736 776 807 jure
816 729 1168 800 detinebant,
1220 730 1480 809 purgavit
1500 774 1515 799 ,
1563 725 1801 786 abolevit
1825 771 1841 797 ,

113 821 363 890 extinxit3
394 835 447 878 et
487 841 582 878 sua
619 818 1010 878 resurrectione
1037 818 1096 876 in
1136 839 1338 878 novam
1359 817 1529 876 vitam
1574 837 1671 873 nos
1704 835 1848 894 prae-

115 908 406 966 destinatos
429 907 668 980 vocavit,
686 920 911 971 vocatos
931 906 1296 981 justificavit,
1321 905 1647 982 justificatos
1675 902 1849 978 glori-

115 997 358 1056 ficavit2.
393 998 477 1055 Ita
506 996 759 1055 diabolus
785 996 1092 1068 hominem,
1121 1017 1287 1076 quem
1310 1016 1411 1075 per
1440 991 1849 1052 consensionem

117 1085 409 1144 seductum
424 1133 439 1158 ,
459 1099 725 1166 tanquam
743 1089 866 1161 jure
889 1085 1099 1160 integro
1127 1083 1469 1164 possidebat,
1493 1095 1548 1140 et
1565 1083 1683 1162 ipse
1702 1079 1857 1138 nulla

117 1175 471 1255 corruptione
497 1174 674 1233 carnis
693 1187 746 1232 et
764 1174 1041 1251 sanguinis
1066 1187 1249 1254 septus
1272 1219 1287 1245 ,
1313 1194 1413 1253 per
1428 1172 1586 1230 istam
1609 1167 1855 1250 corporis

117 1262 361 1321 mortalis
388 1262 742 1341 fragilitatem
759 1308 775 1334 ,
813 1263 976 1320 nimis
996 1283 1164 1338 egeno
1185 1275 1239 1320 et
1270 1261 1494 1319 infirmo
1511 1306 1527 1332 ,
1567 1271 1722 1316 tanto
1755 1276 1847 1315 su·-

118 1351 368 1432 perbior,
412 1365 621 1431 quanto
645 1350 797 1410 velut
826 1350 993 1410 ditior
1012 1363 1065 1408 et
1091 1349 1310 1421 fortior,
1346 1348 1503 1428 quasi
1532 1365 1775 1427 pannoso
1803 1355 1858 1402 et

124 1459 432 1497 aerumnoso
459 1438 869 1510 dominabatur,
895 1438 954 1496 in
976 1438 1095 1518 ipsa
1120 1450 1297 1496 morte
1320 1435 1500 1494 carnis
1519 1432 1855 1504 amisit.Quo

122 1527 266 1586 enim
299 1527 588 1586 cadentem
619 1549 732 1586 non
771 1541 988 1586 secutus
1030 1527 1257 1608 impulit
1302 1537 1685 1606 peccatorem,
1724 1520 1858 1579 illuc

123 1614 535 1674 descendentem
554 1629 874 1697 persecutus
899 1614 1172 1696 compulit
1195 1614 1645 1694 Redemptorem.
1683 1609 1776 1668 Sic
1799 1609 1859 1668 in

123 1704 315 1763 mortis
347 1704 620 1780 consortio
654 1704 824 1763 Filius
853 1704 958 1762 Dei
980 1703 1140 1761 nobis
1163 1703 1283 1761 fieri
1316 1702 1572 1778 dignatus
1603 1712 1683 1770 est
1714 1697 1859 1756 ami-

126 1813 221 1852 cus
241 1840 255 1863 ,
291 1814 401 1874 quo
430 1815 541 1852 non
564 1793 936 1874 perveniendo
966 1792 1248 1851 meliorem
1285 1814 1338 1850 se
1366 1791 1526 1850 nobis
1551 1802 1713 1869 atque
1736 1808 1863 1845 ma-

119 1884 293 1957 jorem
322 1882 562 1962 putabat
587 1881 862 1941 inimicus,
907 1881 1059 1940 Dicit
1087 1880 1236 1939 enim
1263 1879 1603 1960 Redemptor
1634 1889 1819 1935 noster
1839 1919 1857 1946 ,

126 1971 436 2047 «Majorem
473 1970 823 2030 dilectionem
862 1992 1025 2029 nemo
1054 1970 1263 2041 habet,
1303 1990 1474 2050 quam
1516 1980 1582 2027 ut
1622 1966 1861 2024 animam

127 2083 155 2112 >2
183 2079 335 2117 suam
366 2073 538 2139 ponat
563 2081 668 2141 pro
698 2060 886 2119 amicis
912 2058 1109 2118 suis·⁹’.›>
1141 2057 1420 2130 Quocirca
1443 2057 1608 2115 etiam
1627 2075 1730 2135 pro
1749 2054 1871 2110 Do-

128 2146 278 2205 mino
309 2168 362 2205 se
392 2146 653 2206 credebat
681 2147 938 2208 diabolus
969 2145 1305 2226 superiorem
1329 2191 1345 2215 ,
1393 2144 1453 2202 in
1490 2155 1760 2223 quantum
1784 2137 1868 2197 illi

129 2235 399 2295 Dominus
421 2237 478 2295 in
498 2237 843 2317 passionibus
856 2235 1012 2294 cessit
1030 2259 1046 2303 3
1067 2234 1198 2314 quia
1220 2247 1273 2291 et
1297 2233 1366 2300 de
1386 2232 1507 2314 ipso
1529 2230 1868 2291 intellectum

132 2337 212 2384 est
233 2324 385 2403 quod
404 2326 460 2382 in
491 2323 710 2383 Psalmo
734 2323 932 2400 legitur
957 2345 972 2380 ε
1006 2348 1034 2376 «
1052 2321 1301 2380 Minuisti
1334 2341 1461 2380 eum
1487 2318 1658 2401 paulo
1685 2317 1869 2375 minus

134 2436 161 2463 >³
187 2411 258 2468 ab
283 2410 534 2487 Angelis&
571 2434 585 2469 ε
617 2437 644 2465 >>
674 2424 738 2470 ut
766 2411 839 2469 ab
862 2410 1056 2491 iniquo
1079 2409 1231 2469 velut
1252 2429 1414 2489 aequo
1432 2413 1557 2485 jure
1584 2405 1871 2466 adversum

134 2520 233 2557 nos
264 2513 481 2575 agente,
509 2500 626 2580 ipse
650 2500 864 2558 occisus
879 2499 1142 2558 innocens
1162 2517 1289 2555 eum
1308 2501 1432 2570 jure
1456 2495 1765 2574 aequissimo
1786 2510 1872 2549 su-

136 2600 350 2671 peraret
365 2634 380 2659 ,
407 2601 570 2669 atque
591 2589 669 2646 ita
693 2586 1071 2668 captivitatem
1094 2596 1327 2666 propter
1347 2594 1641 2664 peccatum
1669 2580 1872 2638 factam

140 2675 501 2756 captivaret5‚
535 2697 744 2758 nosque
773 2675 1032 2734 liberaret
1070 2696 1100 2732 a
1131 2671 1450 2754 captivitate
1483 2682 1713 2751 propter
1740 2686 1879 2749 pec-

141 2776 326 2823 catum
346 2768 494 2839 justa
517 2809 533 2837 ,
565 2785 663 2823 suo
685 2768 836 2840 justo
868 2763 1129 2839 sanguine
1149 2761 1350 2837 injuste
1370 2759 1492 2818 fuso
1523 2757 1713 2818 mortis
1745 2754 1875 2814 chi-

141 2851 486 2931 rographum
509 2850 692 2911 delens
713 2899 729 2925 ,
755 2865 808 2911 et
831 2848 1217 2929 justificandos
1237 2847 1508 2924 redimens
1534 2856 1866 2926 peccatores·

224 2940 435 2999 XVIII.
470 2940 638 3014 ,Hinc
667 2941 831 3002 etiam
856 2940 1111 3000 diabolus
1141 2937 1328 2997 adhuc
1359 2957 1482 2995 suos
1512 2933 1720 3004 illudit,
1758 2930 1882 3012 qui-

145 3028 251 3089 bus
279 3050 331 3088 se
353 3051 454 3109 per
477 3050 572 3088 sua
603 3051 757 3089 sacra
771 3030 922 3090 velut
950 3025 1275 3112 purgandiS,
1299 3039 1352 3086 et
1369 3024 1554 3108 potius
1579 3020 1879 3104 implican-

208 3154 398 3250 ¹5Coloss.
419 3171 467 3206 11,
489 3156 557 3198 15.
583 3154 677 3188 ...2
693 3160 921 3216 Romgvxu,
939 3159 1020 3202 30.
1037 3179 1094 3190 —
1111 3152 1131 3188 3
1152 3158 1277 3212 Joan,
1301 3168 1371 3207 gv,
1394 3155 1526 3198 13.-
1548 3147 1570 3181 4
1592 3145 1700 3195 Psal.
1717 3157 1813 3206 vlu,
1835 3146 1882 3190 6.

152 3243 206 3252 —
268 3221 416 3277 Ephes.
438 3232 494 3278 tv,
519 3224 558 3262 8.
