2144 3808
246 318 392 391 ,436
552 350 557 355 ·
628 324 631 326 ’
802 320 846 378 s.
899 338 1208 381 Aueusrml
1252 340 1510 380 Emscom

264 420 344 496 gis
373 419 463 478 alii
485 414 634 479 oculi
656 417 773 478 noti
795 433 944 491 sunt,
979 442 1147 501 quam
1176 422 1280 501 ipsi
1315 422 1455 490 sibi3
1481 445 1593 483 non
1626 445 1680 482 se
1704 446 1829 502 ergo
1852 447 2011 506 quae-

266 523 352 567 rat
382 517 668 590 nunquam
696 509 1002 569 inventura.
1047 512 1346 590 Nunquam
1374 513 1517 570 enim
1546 535 1599 571 se
1635 514 1781 572 oculi
1810 530 2011 596 praeter
2034 515 2053 580 f

267 599 492 679 specula
523 598 833 658 videbunt:
873 621 974 658 nec
1023 600 1135 659 ullo
1167 600 1332 658 modo
1381 603 1690 682 putandum
1733 618 1809 662 est
1838 606 2004 664 etiam

262 689 426 746 rebus
458 687 796 767 incorporeis
824 688 1260 768 contemplandis
1278 689 1382 747 tale
1407 689 1616 770 aliquid
1643 693 1919 764 adhiberi,
1949 707 2011 751 ut

266 798 416 833 mens
442 789 703 857 tanquam
727 775 785 833 in
806 777 1031 856 speculo
1053 799 1106 835 se
1122 779 1352 837 noverit.
1384 781 1468 837 An
1486 780 1544 836 in
1569 780 1776 838 ratione
1805 783 2010 841 verita-

264 867 330 923 tis
355 878 572 923 aeternae
611 864 760 924 videt
785 888 951 947 quam
986 868 1292 947 speciosum
1316 869 1384 925 sit
1430 890 1583 926 nosse
1635 871 2006 951 semetipsam,

258 957 755 1038 ethocamatquod
773 958 941 1028 vident,
964 958 1252 1038 studetque
1275 960 1330 1016 in
1359 982 1412 1017 se
1435 961 1586 1019 fieri?
1605 963 1733 1041 quia
1757 966 2011 1043 quamvis

255 1048 357 1105 sibi
389 1060 515 1103 nota
538 1068 649 1103 non
674 1046 763 1113 sit,
799 1059 990 1102 notum
1012 1059 1193 1117 tamen
1214 1047 1260 1102 ei
1285 1060 1362 1103 est
1389 1068 1554 1126 quam
1578 1050 1788 1107 bonum
1815 1051 1904 1121 sit,
1943 1066 2005 1109 ut

259 1135 365 1191 sibi
394 1147 523 1190 nota
541 1134 626 1192 sit.
661 1134 730 1189 Et
758 1132 872 1189 hoc
894 1132 1124 1213 quidem
1162 1135 1515 1212 permirabile
1551 1150 1649 1206 est,
1678 1138 1923 1196 nondum
1960 1161 2012 1196 se

258 1244 433 1292 nosse,
467 1236 519 1279 et
544 1242 709 1300 quam
735 1220 1039 1300 pulchrum
1070 1221 1138 1278 sit
1169 1243 1221 1278 se
1252 1243 1428 1293 nosse,
1449 1228 1565 1298 jam
1591 1246 1761 1284 nosse.
1809 1229 1889 1282 An
1914 1227 2011 1283 ali-

254 1333 414 1390 quem
437 1311 598 1367 finem
616 1309 919 1389 optimum,
951 1308 1009 1366 id
1034 1323 1134 1378 est,
1157 1311 1504 1368 securitatem
1533 1325 1586 1368 et
1609 1312 2011 1371 beatitudinem

258 1410 407 1458 suam
436 1398 608 1470 videt,
648 1420 747 1478 per
773 1397 1076 1477 quamdam
1103 1398 1382 1455 occultam
1421 1401 1769 1471 memoriam,
1798 1423 1923 1482 quae
1954 1403 2013 1460 in

260 1488 560 1567 longinqua
580 1509 696 1546 eam
720 1508 826 1566 pro
840 1508 1071 1561 gressam
1090 1508 1197 1543 non
1216 1487 1476 1559 deseruit,
1501 1502 1555 1546 et
1578 1488 1753 1547 credit
1774 1490 1842 1547 ad
1866 1512 2016 1548 eum-

258 1577 385 1635 dem
419 1578 607 1645 finem,
643 1576 746 1632 nisi
794 1596 847 1631 se
887 1575 1061 1654 ipsam
1099 1576 1437 1650 cognoverit,
1497 1598 1550 1634 se
1589 1577 1875 1656 pervenire
1898 1600 2012 1635 non

265 1669 453 1745 posse?
488 1666 571 1721 Ita
602 1663 738 1720 dum
767 1661 909 1719 illud
942 1676 1086 1720 amat
1110 1709 1122 1733 ‚
1154 1664 1264 1721 hoc
1294 1664 1531 1743 quaerit:
1563 1679 1615 1722 et
1640 1678 1834 1722 notum
1866 1679 2012 1723 amat

263 1752 426 1823 illud,
475 1765 705 1832 propter
745 1750 898 1831 quod
928 1751 1130 1830 quaerit
1163 1751 1433 1827 ignotum.
1474 1752 1581 1810 Sed
1622 1774 1722 1811 cur
1750 1755 2012 1811 memoria

270 1841 629 1900 beatitudinis
654 1862 766 1897 suae
785 1840 989 1919 potuit,
1011 1852 1063 1896 et
1089 1841 1348 1897 memoria
1378 1839 1463 1898 sui
1488 1862 1616 1898 cum
1634 1862 1695 1899 ea
1713 1841 2013 1922 perdurare

266 1955 378 1990 non
398 1931 613 2011 potuit,
665 1941 727 1986 ut
756 1941 865 1986 tam
894 1950 947 1986 se
968 1942 1149 1985 nosset
1175 1949 1303 2008 quae
1327 1929 1447 1986 vult
1475 1930 1789 2008 pervenire,
1844 1952 2008 2010 quam

265 2020 419 2078 novit
443 2017 582 2076 illud
625 2037 736 2096 quo
774 2015 892 2074 vult
937 2015 1254 2096 pervenire?
1289 2018 1372 2074 An
1402 2038 1527 2074 cum
1555 2040 1609 2076 se
1651 2039 1804 2076 nosse
1835 2032 2005 2090 amat,

268 2131 380 2166 non
396 2129 448 2165 se
470 2127 636 2187 quam
664 2103 914 2162 nondum
950 2105 1123 2175 novit,
1154 2104 1246 2162 sed
1276 2105 1459 2185 ipsum
1486 2127 1640 2164 nosse
1662 2121 1843 2175 amat3
1866 2129 2013 2166 acer-

270 2197 503 2276 biusque
538 2193 729 2251 tolerat
765 2214 818 2249 se
855 2192 1031 2271 ipsam
1073 2192 1252 2250 deesse
1289 2193 1528 2251 scientiae
1563 2215 1675 2253 suae
1697 2241 1711 2265 ‚
1753 2215 1863 2275 qua
1893 2195 2014 2254 vult

271 2297 472 2343 cuncta
509 2279 1018 2361 comprehendere?
1056 2280 1222 2338 Novit
1255 2293 1436 2338 autem
1480 2281 1616 2361 quid
1654 2282 1723 2340 sit
1752 2304 1926 2354 nosse,
1961 2297 2014 2340 et

273 2373 406 2431 dum
434 2372 543 2429 hoc
561 2382 707 2429 amat
726 2367 875 2448 quod
901 2369 1077 2440 novit,
1108 2368 1271 2426 etiam
1293 2391 1346 2427 se
1371 2371 1528 2449 cupit
1547 2392 1716 2430 nosse.
1755 2371 1864 2428 Ubi
1888 2393 2013 2447 ergo

271 2483 425 2519 nosse
457 2480 614 2517 suum
647 2458 823 2528 novit,
845 2458 890 2515 si
910 2479 962 2515 se
980 2458 1175 2524 novit?
1200 2459 1340 2515 Nam
1364 2459 1519 2519 novit
1536 2459 1687 2539 quod
1716 2459 1817 2517 alia
1850 2481 2014 2519 nove-

273 2551 366 2621 rit,
396 2571 449 2607 se
483 2561 663 2606 autem
699 2567 812 2604 non
852 2547 1103 2604 noverit:
1137 2546 1270 2604 hinc
1307 2547 1453 2604 enim
1501 2548 1653 2606 novit
1688 2560 1740 2605 et
1780 2547 1916 2628 quid
1947 2549 2014 2606 sit

275 2660 448 2696 nosse.
488 2637 614 2709 Quo
639 2649 808 2715 pacto
843 2635 1012 2710 igitur
1032 2655 1084 2692 se
1115 2633 1328 2714 aliquid
1359 2635 1614 2693 scientem
1652 2635 1774 2704 scit,
1802 2656 1931 2715 quae
1960 2630 2014 2694 se

274 2729 448 2808 ipsam
472 2725 677 2798 nescit?
713 2726 902 2804 Neque
917 2723 1062 2782 enim
1088 2722 1307 2781 alteram
1336 2737 1571 2781 mentem
1603 2723 1859 2781 scientem
1886 2725 2008 2797 scit,

275 2817 368 2875 sed
403 2838 455 2873 se
486 2817 680 2895 ipsam.
725 2813 843 2870 Scit
873 2813 1040 2888 igitur
1071 2833 1124 2869 se
1153 2812 1348 2892 ipsam.
1382 2811 1593 2870 Deinde
1615 2834 1740 2870 cum
1773 2833 1827 2870 se
1855 2834 2015 2893 quae-

275 2907 347 2963 rit
378 2918 438 2962 ut
468 2903 706 2974 noverit,
739 2914 1073 2982 quaerentem
1103 2921 1156 2958 se
1169 2905 1285 2976 jam
1311 2901 1484 2960 novit.
1536 2905 1658 2958 Jam
1691 2922 1743 2958 se
1760 2922 1885 2977 ergo
1907 2923 2013 2959 no-

273 2995 369 3053 vit.
406 2994 760 3070 Quapropter
792 3012 903 3048 non
926 3003 1107 3071 potest
1138 2989 1361 3048 omnino
1406 2989 1610 3047 nescire
1637 3011 1690 3047 se
1719 3011 1844 3071 quae
1878 2988 2011 3048 dum

270 3105 324 3141 se
348 3081 671 3139 nescientem
689 3080 812 3149 scit,
843 3100 896 3136 se
926 3079 1116 3157 utique
1143 3079 1262 3138 scit.
1302 3077 1359 3134 Si
1405 3091 1585 3136 autem
1610 3100 1663 3135 se
1686 3081 2010 3137 nescientem

269 3170 497 3239 nesciat,
527 3187 638 3224 non
661 3187 714 3223 se
734 3167 935 3246 quaerit
981 3178 1039 3222 ut
1071 3167 1222 3225 sciat.
1275 3167 1632 3247 Quapropter
1656 3187 1718 3223 eo
1747 3166 1866 3245 ipso
1899 3187 2010 3246 quo

264 3284 319 3319 se
345 3255 570 3341 quaerit,
604 3255 770 3330 magis
801 3274 853 3310 se
886 3252 994 3310 sibi
1023 3266 1206 3311 notam
1248 3275 1415 3334 quam
1453 3254 1691 3330 ignotam
1722 3275 1830 3314 esse
1869 3275 2010 3314 con-
