2144 3808
280 324 393 380 502
815 340 858 377 s.
917 335 1250 377 Aucus'rml*
1271 336 1526 379 Eptscom

280 422 488 491 habet3
516 444 619 481 nec
644 420 712 480 ad
740 419 917 480 ullum
946 421 1171 480 omnino
1201 441 1415 479 sensum
1443 421 1690 504 corporis
1707 469 1723 496 ,
1758 423 2017 503 quoniam

281 510 462 569 cordis
490 523 569 568 est
597 532 679 568 res
703 510 838 579 ista,
875 531 984 567 non
1019 510 1300 591 corporis3
1333 530 1434 567 nec
1461 508 1593 568 foris
1629 523 1707 568 est
1746 532 1777 568 a
1805 511 1969 579 nobis
2001 536 2024 593 ‚s

282 600 375 658 sed
403 601 462 658 in
482 599 687 657 intimis
711 599 872 656 nobis
895 624 917 667 3⁷
942 620 1042 657 nec
1071 621 1189 657 eam
1227 599 1519 682 quisquam
1549 599 1845 658 hominum
1873 599 2022 665 videt

280 690 338 747 in
373 689 479 747 alio
499 737 512 758 ‚
542 687 635 746 sed
659 688 1031 769 unusquisque
1050 688 1109 745 in
1139 683 1444 768 semetipsa
1487 688 1736 770 Denique
1763 701 1944 769 potest
1969 702 2023 757 et

284 777 633 835 simulatione
662 777 941 851 confingi,
969 790 1022 833 et
1050 776 1233 857 putari
1261 796 1369 832 esse
1395 776 1452 832 in
1475 796 1586 856 quo
1601 798 1713 834 non
1728 771 1823 835 est.
1855 777 2023 846 Suam

283 867 450 942 igitur
473 867 705 948 quisque
733 866 900 925 fidem
931 865 1079 947 apud
1109 887 1162 923 se
1186 867 1369 946 ipsum
1392 864 1544 923 videt
1578 888 1592 922 ε
1626 866 1684 923 in
1722 865 1891 933 altero
1924 887 2024 925 au·

286 968 394 1013 tem
419 955 593 1013 credit
624 977 734 1013 esse
758 977 876 1013 eam
901 1001 914 1022 ‚
949 976 1061 1011 non
1084 953 1234 1012 videt
1258 978 1272 1021 ;
1307 965 1360 1009 et
1389 965 1542 1010 tanto
1573 954 1784 1012 firmius
1813 953 2020 1026 credit,

287 1057 496 1124 quanto
518 1043 734 1101 fructus
765 1048 881 1117 ejus
911 1041 1084 1115 magis
1110 1041 1299 1110 novit,
1333 1061 1473 1120 quos
1494 1042 1708 1120 operari
1737 1041 1870 1100 solet
1893 1041 2028 1110 fides

282 1154 382 1211 per
405 1129 811 1189 dilectionem&
843 1129 1222 1209 Quamobrem
1240 1128 1498 1187 omnibus
1523 1129 1590 1187 de
1613 1130 1819 1210 quibus
1845 1130 2027 1195 Evan-

283 1219 469 1296 gelista
498 1218 784 1294 subjungit
811 1231 864 1276 et
883 1217 1030 1298 ‘dicit
1058 1240 1071 1274 :
1108 1243 1133 1269 «
1159 1219 1452 1297 Quotquot
1487 1230 1669 1276 autem
1699 1231 2025 1301 receperunt

289 1327 314 1359 ›·>
337 1328 461 1365 eum
480 1354 493 1378 ‚
520 1306 672 1364 dedit
690 1307 764 1364 eis
782 1319 1106 1387 potestatem
1132 1305 1273 1383 filios
1295 1305 1396 1364 Dei
1420 1306 1532 1373 fieri
1551 1352 1565 1376 ‚
1595 1306 1660 1364 iis
1679 1307 1775 1387 qui
1798 1305 1925 1364 cred
1934 1319 2031 1364 unt

289 1423 315 1448 ))
341 1397 399 1452 in
429 1396 649 1452 nomine
678 1398 793 1470 ejus
812 1441 826 1467 ‚
855 1396 954 1476 qui
980 1415 1093 1451 non
1122 1414 1182 1451 ex
1218 1393 1606 1469 sanguinibus,
1634 1415 1812 1474 neque
1834 1415 1894 1451 ex
1922 1415 2027 1452 vo-

287 1511 313 1537 »
336 1483 546 1541 luntate
574 1482 753 1540 carnis
770 1529 785 1552 ,
814 1503 990 1564 neque
1013 1503 1073 1540 ex
1100 1481 1382 1540 voluntate
1406 1482 1542 1550 vir'i3
1569 1481 1660 1539 sed
1687 1505 1746 1540 ex
1777 1483 1888 1540 Deo
1913 1482 2032 1540 nati

248 1645 251 1649 Δ
290 1599 317 1626 »
341 1573 500 1631 sunt2
517 1619 531 1644 ‚
562 1598 588 1625 >2
617 1571 752 1629 fides
779 1572 881 1630 ista
905 1571 1211 1629 communis
1230 1584 1310 1629 est
1337 1594 1352 1628 t
1381 1593 1491 1629 non
1517 1571 1660 1629 sicut
1680 1571 1862 1652 aliqua
1892 1592 2023 1630 cor-

289 1661 441 1741 poris
472 1660 648 1718 forma
682 1661 988 1718 communis
1016 1673 1096 1717 est
1124 1659 1192 1718 ad
1229 1659 1534 1719 videndum
1573 1661 1821 1721 omnium
1853 1659 2029 1718 oculis

292 1751 496 1830 quibus
522 1763 726 1829 praesto
754 1763 866 1818 est3
903 1771 962 1807 ex
991 1749 1109 1831 ipsa
1140 1749 1352 1830 quippe
1381 1771 1490 1807 una
1519 1749 1767 1824 omnium
1799 1770 2034 1807 cernen-

277 1841 429 1908 tium
468 1838 711 1919 quodam
737 1838 904 1899 modo
935 1837 1264 1896 informatur
1293 1850 1543 1919 aspectus
1571 1859 1585 1894 t
1623 1837 1715 1894 sed
1749 1838 1890 1895 sicut
1922 1835 2036 1895 dici

290 1940 469 2006 potest
492 1927 747 1983 omnihus
766 1926 1089 1984 hominibus
1111 1948 1220 1984 esse
1241 1925 1404 1984 facies
1425 1927 1668 1983 humana
1691 1925 1998 1984 communis
2018 1950 2032 1994 ;

293 2037 421 2072 nam
455 2015 567 2071 hoc
595 2014 669 2072 ita
697 2013 904 2072 dicitur
925 2059 940 2085 ‚
974 2026 1036 2071 ut
1064 2027 1247 2072 tamen
1271 2013 1471 2091 singuli
1497 2035 1617 2071 suas
1648 2014 1909 2073 habeant.
1956 2015 2034 2072 Ex

293 2125 400 2160 una
429 2125 553 2161 sane
574 2102 825 2160 doctrina
851 2102 1169 2183 impressam
1209 2102 1375 2160 fidem
1402 2101 1739 2160 credentium
1770 2102 2038 2171 cordibus

292 2190 631 2268 singulorum
655 2191 748 2279 qui
775 2190 885 2248 hoc
907 2190 1052 2248 idem
1075 2190 1310 2252 credunt
1330 2190 1605 2250 verissime
1634 2190 1872 2249 dicimus
1901 2213 1915 2247 ε
1946 2189 2040 2256 sed

296 2279 444 2347 aliud
473 2293 602 2337 sunt
629 2301 689 2337 ea
722 2299 850 2360 quae
877 2278 1181 2339 creduntur
1201 2325 1216 2351 ‚
1245 2278 1397 2337 aliud
1420 2278 1555 2337 fides
1579 2300 1688 2363 qua
1705 2277 2030 2346 creduntur.

292 2367 395 2426 llla
420 2369 631 2449 quippe
650 2369 708 2426 in
725 2368 891 2426 rebus
911 2381 1042 2425 sunt
1058 2389 1185 2449 quae
1209 2367 1293 2428 vel
1312 2389 1421 2427 esse
1445 2367 1532 2428 vel
1552 2367 1717 2426 fuisse
1735 2366 1822 2427 vel
1837 2366 2041 2438 futurae

291 2479 401 2514 esse
431 2457 698 2515 dicuntur
731 2478 745 2513 ε
773 2456 897 2514 haec
925 2469 1106 2515 autem
1130 2455 1189 2514 in
1221 2457 1403 2515 animo
1425 2456 1696 2515 credentis
1716 2468 1828 2528 est,
1853 2455 1902 2515 ei
1922 2469 2042 2519 tan-

290 2560 410 2604 tum
454 2546 755 2626 conspicua
799 2549 958 2622 cujus
994 2558 1107 2614 est;
1154 2546 1405 2628 quamvis
1441 2545 1511 2603 sit
1550 2559 1603 2603 et
1642 2545 1699 2603 in
1743 2544 1894 2614 aliis,
1930 2566 2042 2606 non

298 2635 415 2714 ipsa
434 2680 448 2705 ,
481 2633 572 2692 sed
596 2633 803 2692 similis,
837 2635 963 2691 Non
986 2634 1133 2691 enim
1155 2654 1385 2692 numero
1414 2647 1493 2692 est
1514 2654 1650 2703 una,
1680 2632 1772 2690 sed
1803 2653 1996 2708 genere
2022 2654 2036 2688 t

295 2735 529 2803 propter
557 2721 972 2783 similitudinem
997 2735 1178 2780 tamen
1201 2735 1254 2779 et
1273 2722 1483 2781 nullam
1516 2720 1883 2779 diversitatem
1915 2742 2043 2781 ma-

296 2811 375 2886 gis
408 2832 574 2867 unam
596 2809 832 2867 dicimus
854 2830 965 2866 esse
991 2831 1158 2890 quam
1181 2809 1400 2873 multas,
1443 2810 1582 2867 Nam
1618 2822 1670 2866 et
1694 2807 1832 2866 duos
1854 2807 2043 2866 homi-

293 2920 385 2955 nes
419 2898 725 2955 simillimos
765 2918 892 2955 cum
939 2897 1224 2970 videmUS,
1266 2919 1433 2956 unam
1467 2896 1662 2955 faciem
1714 2895 1949 2958 dicimus
1991 2909 2044 2954 et

298 2986 563 3043 miramur
597 2987 911 3045 amborum.
960 2986 1193 3044 Facilius
1234 2986 1420 3067 itaque
1452 2985 1659 3043 dicitur
1699 2983 1896 3042 multas
1919 2984 2043 3054 ani—

300 3094 413 3130 mas
444 3073 604 3129 fuisse
650 3074 886 3149 singulas
919 3075 1108 3155 utique
1150 3074 1490 3152 singulorum
1512 3119 1526 3144 ,
1577 3071 1644 3131 de
1675 3072 1880 3155 quibus
1904 3070 2043 3148 legi-

295 3182 416 3219 mus
434 3162 491 3218 in
514 3160 748 3218 Actibus
767 3161 1159 3240 Apostolorum
1178 3208 1192 3233 ‚
1216 3161 1369 3242 quod
1392 3161 1467 3220 eis
1486 3159 1652 3219 fuerit
1674 3158 1849 3217 anima
1870 3158 2038 3227 una³;

356 3268 366 3294 ¹
395 3268 529 3308 Galat.
557 3281 598 3320 v,
620 3268 661 3307 6.
691 3288 745 3295 -
765 3263 786 3293 ²
806 3269 1081 3313 Joan.1,12.
1102 3287 1159 3294 —-
1183 3263 1201 3294 3
1221 3270 1314 3311 Act.
1342 3281 1399 3312 ιν,
1420 3269 1490 3308 32.
