2144 3808
345 372 565 416 CONTRA
605 371 939 411 MAxmmuM
981 369 1261 424 AmANuM,
1309 374 1419 413 un.
1469 377 1508 415 1.
1723 357 1790 418 61

58 484 64 494 ¹
92 456 584 538 circumspiciatur.
618 453 723 510 Dic
746 452 905 510 nobis
922 499 937 523 ,
965 473 1098 528 rogo
1121 466 1199 524 te,
1229 453 1452 532 quando
1472 456 1575 514 tibi
1597 459 1805 519 indica-

91 560 289 606 verunt
305 541 656 618 Archangeli,
682 539 833 621 quod
855 540 961 620 ipsi
978 540 1196 599 videant
1220 541 1473 616 AngeloS‚
1499 565 1608 601 non
1626 560 1807 605 autem

67 674 69 676 >
91 635 380 696 videantur
393 633 463 690 ab
481 630 733 707 Angelis?
762 630 980 701 Quibus
1001 629 1352 688 narrantibus
1375 632 1586 707 Angelis
1609 655 1808 710 cogno-

90 724 249 794 visti,
273 721 425 804 quod
442 721 548 801 ipsi
570 718 788 777 videant
808 720 1033 788 aninum,
1056 718 1251 776 animae
1275 718 1396 776 illos
1419 741 1530 778 non
1552 722 1806 783 videant?

94 816 140 872 A
166 833 276 891 quo
319 810 442 868 haec
478 808 706 878 audisti,
741 806 887 864 unde
915 806 1194 878 didicisti,
1243 807 1341 864 ubi
1374 807 1586 884 legisti?
1619 813 1812 870 Nonne

93 899 286 957 melius
313 896 510 956 divinis
532 896 687 953 libris
714 895 960 952 animum
988 895 1292 952 intenderes
1316 941 1331 965 ‚
1366 896 1465 953 uhi
1503 896 1731 973 legimus
1760 915 1815 958 et

97 987 168 1045 ab
194 984 512 1043 hominibus
534 981 763 1058 Angelos
793 982 934 1040 visos
949 1027 964 1053 ‚
989 981 1213 1062 quando
1234 981 1555 1055 voluerunt,
1587 999 1640 1043 et
1672 1008 1818 1066 quo-

96 1074 263 1133 modo
309 1072 601 1134 voluerunt
651 1070 854 1142 videri,
899 1070 1135 1146 jubente
1178 1070 1264 1131 vel
1312 1072 1518 1130 sinente
1573 1076 1820 1134 omnium

100 1164 390 1221 Creatore‘?
423 1161 810 1219 Verumtamen
848 1159 946 1239 qui
979 1159 1213 1231 dixeram,
1261 1159 1385 1217 ideo
1435 1187 1462 1213 <‹
1490 1161 1682 1220 Solum
1729 1163 1820 1222 di-

100 1251 335 1310 cendum
383 1248 712 1307 invisibilem
750 1248 1000 1319 Patrem,
1042 1249 1172 1329 quia
1214 1269 1327 1306 non
1363 1248 1535 1307 habet
1566 1253 1820 1331 superio-

100 1361 214 1398 rem
238 1361 267 1397 a
291 1358 401 1417 quo
426 1335 996 1416 circuminspiciatur3
1039 1336 1312 1394 confessus
1347 1358 1402 1394 es
1426 1352 1610 1417 postea
1629 1386 1643 1409 ‚
1681 1341 1821 1398 Filio

102 1447 211 1483 esse
249 1423 551 1495 visibilem,
589 1436 779 1481 contra
819 1436 871 1479 te
903 1423 1087 1503 ipsum
1121 1423 1401 1503 proferens
1433 1425 1823 1501 Evangelicum

105 1513 476 1572 testimonium
499 1559 513 1584 ,
545 1512 644 1569 ubi
680 1510 817 1569 dicit
842 1511 959 1590 ipse
991 1511 1159 1569 Filius
1190 1534 1203 1568 :
1239 1538 1264 1563 c<
1288 1514 1414 1569 Non
1439 1514 1569 1592 quia
1605 1516 1822 1573 Patrem

106 1631 133 1657 >2
154 1602 293 1659 vidit
320 1601 607 1680 quisquam
628 1646 642 1670 ‚
668 1599 762 1656 sed
780 1601 877 1678 qui
897 1612 974 1656 est
999 1622 1028 1657 a
1050 1600 1165 1656 Deo
1186 1646 1200 1669 ,
1230 1600 1324 1657 hic
1345 1600 1483 1658 vidit
1504 1603 1772 1662 Patren1⁴.
1799 1631 1825 1656 »

107 1690 218 1748 Ubi
255 1702 307 1746 te
335 1687 558 1768 quidem
591 1686 788 1745 veritas
822 1686 1159 1765 apertissime
1200 1686 1336 1744 vicit
1368 1709 1381 1743 ε
1422 1687 1513 1745 sed
1549 1701 1609 1746 tu
1643 1690 1831 1748 nolens

109 1778 181 1835 ab
209 1797 384 1834 errore
415 1774 670 1846 liberari,
713 1773 934 1831 noluisti
971 1773 1262 1831 salubriter
1289 1774 1455 1833 vinci.
1506 1777 1649 1833 Cum
1687 1779 1832 1836 enim

110 1879 300 1923 contra
321 1876 372 1920 te
390 1883 864 1921 commemorasses
889 1861 1278 1937 Evangelicum
1306 1863 1695 1937 testimonium,
1722 1888 1833 1946 quo

113 1952 310 2011 claruit
335 1973 365 2009 a
410 1951 544 2009 Filio
573 1950 746 2009 videri
775 1950 992 2007 Patrem
1015 1996 1031 2021 ,
1070 1949 1283 2007 dicente
1318 1950 1438 2029 ipso
1469 1951 1603 2010 Filio
1630 1976 1642 2010 τ
1675 1980 1700 2007 c<
1727 1953 1834 2012 Sed

115 2069 142 2095 2)
166 2041 261 2121 qui
297 2053 376 2097 est
409 2062 437 2097 a
470 2041 584 2097 Deo
604 2086 618 2109 ‚
657 2039 753 2096 hic
787 2037 928 2101 vidit
956 2039 1177 2096 Patrem
1205 2061 1218 2094 :
1245 2066 1271 2091 >2
1314 2060 1435 2096 mox
1471 2039 1732 2099 addidisti
1769 2042 1838 2100 de

117 2143 254 2187 tuo:
292 2154 318 2181 c<
357 2127 466 2186 Sed
513 2126 655 2186 vidit
691 2125 1076 2206 incapabilem.
1108 2153 1135 2178 »
1176 2126 1405 2183 Interim
1443 2127 1595 2207 quod
1633 2128 1840 2188 dixeras

117 2215 436 2299 perdidisti,
464 2214 642 2274 solum
663 2235 772 2272 esse
795 2213 1126 2273 invisibilem
1150 2217 1366 2271 Patrem
1390 2259 1405 2285 ,
1434 2215 1564 2294 quia
1592 2238 1705 2275 non
1735 2217 1844 2275 ha·-

120 2306 215 2363 bet
255 2304 590 2385 superiorem
632 2325 646 2360 2
688 2301 1139 2382 quandoquidem
1191 2302 1416 2361 veritate
1463 2303 1674 2376 victUS,
1719 2326 1843 2363 eum

121 2392 294 2452 videri
319 2392 389 2449 ab
409 2390 662 2449 inferiore
688 2389 963 2448 confessus
998 2411 1069 2448 es,
1107 2390 1214 2449 Vos
1243 2391 1388 2447 enim
1409 2390 1590 2450 dicitis
1616 2390 1845 2450 inferio-

124 2502 238 2539 rem
258 2478 457 2537 Filium
475 2501 503 2536 a
520 2499 631 2559 quo
647 2490 829 2535 tamen
847 2481 1061 2534 Patrem
1080 2477 1277 2549 videri,
1299 2491 1431 2536 teste
1447 2479 1582 2537 Filio
1599 2494 1844 2556 cogente,

126 2569 322 2627 dixisti.
354 2567 436 2624 De
460 2565 761 2646 incapabili
792 2577 981 2645 postea
1009 2563 1319 2623 videbimus
1341 2610 1355 2634 ,
1381 2580 1444 2623 ut
1474 2567 1636 2624 etiam
1661 2580 1713 2624 te
1735 2568 1849 2625 illic

128 2656 324 2716 veritas
350 2654 554 2714 vincat.
598 2654 723 2711 Non
742 2652 889 2709 enim
920 2650 987 2708 de
1012 2651 1256 2731 capabili
1298 2664 1350 2708 et
1386 2652 1718 2732 incapabili,
1759 2653 1852 2711 sed

132 2743 200 2802 de
221 2740 424 2802 visibili
457 2754 510 2798 et
542 2739 807 2798 invisibili
840 2738 982 2796 inter
1020 2759 1121 2796 nos
1151 2739 1382 2818 quaestio
1413 2741 1731 2798 versabatur
1755 2763 1769 2798 ε
1797 2742 1856 2799 in

133 2851 242 2910 qua
276 2828 572 2908 quaestione
609 2827 654 2886 si
690 2826 794 2886 tibi
826 2826 931 2907 ipsi
959 2838 1021 2883 tu
1051 2826 1166 2907 ipse
1198 2826 1427 2886 visibilis
1449 2848 1533 2899 eS‚
1571 2829 1780 2888 victum
1806 2841 1856 2887 te

138 2938 248 2976 esse
275 2915 442 2976 vides,
727 2991 733 2995 ν

218 3004 315 3064 IV.
345 3003 557 3075 Quarto
571 3002 695 3061 loco
718 3003 801 3079 egi
824 3017 1006 3064 tecum
1024 3003 1092 3062 de
1125 3002 1422 3062 immortali
1448 3003 1563 3062 Deo
1588 3005 1751 3063 etiam
1774 3005 1861 3062 Fi-

138 3093 232 3153 lio.
269 3091 544 3163 Quoniam
572 3103 634 3149 tu
667 3090 810 3148 illud
847 3092 1001 3173 quod
1043 3091 1117 3149 ait
1156 3090 1447 3171 Apostolus
1475 3113 1489 3149 ε
1523 3118 1550 3146 <‹
1578 3093 1691 3164 Qui
1718 3092 1861 3150 solus

145 3208 171 3236 »
194 3181 363 3238 habet
403 3178 942 3250 immortalitatem2;
979 3208 1005 3235 ›>
1043 3180 1119 3239 sic
1162 3179 1392 3259 intelligi
1431 3180 1684 3254 Voluisti,
1733 3194 1859 3239 tan-

206 3286 220 3314 ¹
250 3288 373 3328 Joan.¹
401 3298 455 3334 vx,
482 3286 622 3333 46.—
643 3282 663 3314 2
687 3299 704 3323 1
729 3285 835 3330 Tim.
852 3299 910 3342 vr,
939 3288 1005 3327 16.
