2144 3808
286 324 395 385 158
797 345 851 398 s.
902 340 1208 382 Auens'nm
1253 318 1511 384 Emscom

275 426 412 485 turis
449 425 648 484 sanctis
680 424 887 483 alicubi
919 422 1096 500 legere
1137 425 1384 506 potuisti.
1436 426 1550 485 Nec
1594 447 1722 486 sana
1758 427 1869 487 fide
1897 428 2013 511 ipse

275 516 455 588 dixisti
479 515 805 574 immensum
828 514 990 571 etiam
1016 515 1233 571 Patrem
1255 541 1271 584 ;
1302 516 1567 596 quoniam
1584 523 1877 599 propterea
1917 518 2010 577 di-

278 606 355 664 cis
376 652 391 677 ,
418 617 480 662 ut
506 603 702 661 Filium
729 623 838 659 non
862 602 1068 680 pariter
1089 601 1417 661 immensum
1440 650 1455 676 ‚
1485 605 1579 664 sed
1602 628 1854 665 mensura
1885 606 2021 666 exis-'

277 696 436 752 times
459 692 829 750 terminatum.
863 691 1071 748 Tecum
1099 691 1306 749 habeto
1331 713 1638 752 mensuram
1675 708 1828 755 tuam
1854 743 1869 766 ,
1905 716 2017 778 qua

281 797 439 841 tuum
486 780 685 839 falsum
729 779 1020 838 dominum
1069 780 1308 839 metiaris
1325 828 1341 853 ‚
1393 794 1447 840 et
1489 781 1556 840 de
1605 805 1732 843 vero
1775 785 2015 844 Domino

282 870 577 934 mentiariS.

361 959 564 1019 XXIV.
599 960 745 1016 Bene
781 956 1057 1016 confiteris
1088 958 1238 1038 quod
1272 972 1325 1018 et
1361 961 1527 1020 Pater
1565 960 1760 1038 diligat
1787 962 2013 1034 Filium,

281 1063 335 1110 et
361 1049 530 1108 Filius
545 1046 738 1124 diligat
753 1048 973 1105 Patrem
996 1069 1010 1104 z
1031 1046 1125 1105 sed
1148 1048 1190 1106 si
1214 1062 1267 1107 et
1282 1048 1392 1108 hoc
1406 1051 1738 1124 confiteariS‚
1759 1052 2019 1132 quianon

282 1153 363 1198 est
382 1141 559 1214 major
586 1135 808 1195 dilectio
836 1136 894 1194 in
918 1137 1080 1195 Patre
1106 1158 1272 1217 quam
1301 1138 1361 1196 in
1385 1138 1541 1199 Filio.
1577 1140 1720 1213 Quia
1747 1140 1892 1199 enim
1914 1162 2020 1199 na-

283 1242 407 1287 tura
446 1225 749 1286 divinitatis
782 1224 1017 1306 aequales
1047 1239 1200 1299 sunt,
1230 1227 1514 1309 aequaliter
1539 1250 1593 1287 se
1632 1228 1866 1288 invicem
1889 1228 2022 1288 dili-

283 1331 437 1397 gunt.
487 1315 643 1376 Facit
674 1313 852 1373 autem
886 1313 1056 1373 Filius
1085 1315 1226 1374 sicut
1257 1317 1428 1376 homo
1461 1317 1794 1376 mandatum
1819 1319 2012 1378 Patris,

285 1410 427 1467 Nam
457 1406 599 1464 sicut
622 1404 798 1473 DeuS‚
826 1403 943 1483 ipse
983 1403 1154 1462 Filius
1184 1418 1262 1463 est
1289 1405 1613 1466 mandatum
1650 1406 1856 1478 Patris,
1893 1407 2024 1489 quia

279 1500 394 1579 ipse
414 1508 492 1553 est
512 1492 759 1551 Verbum
779 1491 975 1552 Patris,
1002 1492 1161 1552 Unde
1178 1493 1285 1552 alio
1305 1493 1429 1555 loco
1443 1494 1511 1553 de
1531 1495 1793 1555 mandato
1817 1495 2017 1568 Patris,

280 1587 393 1645 hoc
414 1597 513 1656 est,
546 1581 614 1640 de
639 1581 835 1662 seipso
852 1580 990 1639 dicit
1015 1603 1030 1639 z
1063 1608 1090 1635 «
1119 1582 1246 1641 Scio
1276 1583 1407 1664 quia
1428 1584 1755 1654 mandatum
1783 1589 1899 1661 ejus
1911 1585 2024 1644 vita

285 1702 311 1729 ι)
354 1687 560 1732 aeterna
597 1683 675 1728 est
702 1668 745 1729 4.
783 1697 810 1723 2>
855 1668 1022 1741 Quod
1066 1684 1248 1729 autem
1289 1673 1416 1755 ipse*
1445 1673 1547 1731 Dei
1586 1674 1754 1732 Filius
1801 1674 1868 1732 sit
1910 1675 2025 1733 vita

282 1777 510 1833 aeterna,
537 1759 826 1839 Scriptura
860 1757 1047 1818 divina
1083 1773 1328 1822 testatur.
1369 1762 1481 1820 Ubi
1501 1776 1683 1822 autem
1713 1764 1789 1821 ait
1814 1786 1828 1821 z
1857 1791 1883 1816 «
1911 1762 2026 1835 Qui

285 1881 312 1908 »
338 1874 427 1911 me
457 1850 619 1920 vidit,
644 1848 785 1909 vidit
808 1862 861 1908 et
884 1850 1103 1908 Patrem
1120 1851 1173 1908 2:
1206 1878 1232 1905 ›>
1258 1853 1381 1932 quis
1410 1853 1615 1911 nesciat
1639 1852 1763 1911 ideo
1784 1853 2020 1934 dictum,

282 1941 544 2025 quoniam
574 1939 821 2020 quisquis
855 1961 955 2020 per
980 1940 1398 2018 intelligentiam
1427 1942 1576 2002 videt
1616 1942 1840 2016 Filium,
1873 1940 2027 2001 Patri

286 2032 476 2113 utique
501 2028 653 2088 videt
683 2028 995 2109 aequalem?
1035 2030 1203 2102 Quod
1230 2053 1326 2091 vos
1352 2031 1478 2091 ideo
1518 2054 1630 2090 non
1674 2033 1862 2103 vultis,
1896 2031 2026 2113 quia
2065 2076 2071 2082 -

284 2143 385 2203 per
403 2118 595 2185 oculos
623 2118 804 2176 cordis
819 2165 834 2191 ,
867 2131 1136 2200 quantum
1159 2121 1219 2178 in
1252 2119 1361 2179 hac
1381 2121 1496 2182 vita
1519 2120 1694 2182 videri
1727 2133 1907 2204 potest
1930 2119 2028 2179 Fi-

285 2209 425 2267 lium
447 2228 560 2265 non
584 2205 801 2267 videtis,

295 2294 318 2299 ‘⁵
366 2296 542 2357 XXV.
578 2296 750 2354 Putas
778 2318 891 2355 non
932 2311 1077 2356 recte
1101 2320 1132 2356 a
1159 2320 1247 2356 me
1275 2297 1489 2356 dictum
1514 2319 1646 2371 esse,
1674 2297 1828 2380 quod
1848 2318 2027 2379 prop-

285 2401 368 2445 ter
391 2386 626 2460 formam
647 2386 788 2444 servi
800 2406 969 2466 quam
1001 2387 1240 2468 suscepit
1269 2387 1438 2445 Filius
1456 2387 1502 2459 3,
1535 2391 1710 2465 major
1734 2389 1802 2445 sit
1838 2391 2019 2445 Pater.

285 2477 374 2534 Tu
394 2475 540 2533 enim
566 2473 871 2532 secundum
897 2475 1152 2534 haeresim
1187 2489 1454 2548 vestram,
1470 2476 1528 2534 in
1555 2477 1674 2558 ipsa
1711 2470 1813 2534 D'ei
1854 2474 2029 2534 forma

287 2570 508 2624 Patrem
535 2562 672 2621 Filio
694 2563 778 2622 vis
811 2586 920 2624 esse
949 2571 1241 2643 majorem3
1285 2567 1378 2626 cui
1403 2579 1688 2647 paternam
1713 2566 1789 2623 sic
1817 2563 2028 2625 invides

285 2654 546 2724 formam,
571 2665 634 2710 ut
649 2651 777 2710 ideo
798 2653 1106 2734 perfectum
1120 2654 1252 2715 velis
1268 2668 1459 2713 natum
1480 2675 1588 2712 esse
1605 2652 1803 2712 Filium
1824 2666 2028 2712 aeterna

286 2740 661 2827 perfectione,
691 2763 761 2800 ne
805 2741 876 2800 ad
905 2755 1194 2823 paternam
1234 2741 1470 2801 formam
1499 2741 1686 2800 saltem
1735 2741 2027 2801 crescendo

288 2832 467 2893 valeat
481 2831 783 2911 pesvenire.
821 2831 929 2890 Sed
946 2832 1181 2890 inaniter
1195 2831 1404 2892 invidet
1421 2832 1590 2891 homo
1611 2845 1898 2914 paternam
1916 2830 2024 2891 for-

286 2941 435 2979 mam
458 2919 565 2978 Dei
591 2918 752 2991 Filio,
781 2920 1051 2978 cuiPater
1065 2941 1183 2978 eam
1208 2941 1319 2981 non
1344 2919 1568 2993 invidit,
1601 2921 1730 3002 quia
1755 2920 2022 3002 aequalem

287 3010 393 3069 sibi
441 3008 668 3066 unicum
702 3011 909 3084 genuit.
950 3008 1058 3067 Sed
1089 3007 1226 3066 dicis
1272 3031 1381 3068 non
1410 3031 1519 3067 esse
1551 3010 1724 3068 Patris
1768 3029 2022 3087 magnam

288 3098 541 3177 gloriam,
571 3095 692 3154 sica
722 3095 899 3162 forma
929 3097 1069 3158 servi
1097 3101 1274 3174 major
1298 3110 1397 3170 est,
1422 3119 1532 3181 qua
1545 3097 1720 3156 forma
1748 3109 1876 3155 sunt
1897 3119 2022 3171 ma-

279 3194 423 3266 jores
442 3199 497 3246 et
528 3185 723 3263 angeli.
762 3184 901 3246 Vide
931 3186 975 3244 si
998 3184 1147 3244 aliud
1174 3187 1410 3260 conaris,
1437 3186 1539 3247 nisi
1563 3187 1632 3247 ad
1661 3187 1823 3247 unius
1844 3186 2023 3254 Patris

342 3293 358 3323 ¹
381 3295 501 3336 Joan.
518 3304 600 3344 xxx,
622 3291 693 3333 50.
717 3313 774 3325 -
795 3288 818 3321 2
841 3289 907 3337 Id.
925 3303 1011 3343 xxv,
1037 3304 1080 3344 9.
1102 3313 1158 3323 —
1181 3286 1200 3321 ³
1220 3289 1371 3348 Philip.
1391 3305 1438 3344 ιι,
1458 3307 1497 3343 7.
