2144 3808
586 334 588 338 ,
630 307 702 346 m:
742 289 1231 358 TR1N1TATE‚'1.113.
1280 305 1319 345 1.
1711 300 1820 342 201

110 386 307 445 cubitu
334 407 430 446 suo
449 400 553 448 est.
601 389 760 446 Tunc
798 387 901 446 erit
930 385 1084 468 quod
1119 385 1494 466 scriptumest
1529 385 1549 444 ε’
1576 411 1601 439 c<
1625 384 1824 444 Adim-

105 500 133 529 ›>
153 474 333 555 plebis
363 497 450 535 me
483 475 675 534 laetitia
703 496 832 534 cum
867 476 1027 535 vultu
1062 489 1159 537 tuo
1179 473 1223 533 1.
1266 499 1293 526 >³
1330 472 1432 532 Illa
1468 473 1662 532 laetitia
1688 471 1833 530 nihil

109 563 342 644 amplius
357 562 664 644 requiretur
690 585 704 621 :
731 564 862 645 quia
881 586 983 624 nec
1009 564 1112 624 erit
1137 561 1289 644 quod
1323 560 1558 641 amplius
1579 560 1833 639 requira-

108 664 227 711 tur.»
265 651 600 712 Ostendetur
644 654 792 722 enim
834 653 997 714 nobis·
1033 655 1227 723 Pater,
1280 663 1335 708 et
1373 649 1604 711 sufficiet
1645 647 1825 706 nobiS.

110 738 278 811 Quod
304 739 444 798 bene
473 740 804 801 intellexerat
822 741 1143 822 Philippus
1161 786 1178 812 ,
1207 752 1281 803 tut
1304 737 1518 811 diceret
1550 736 1788 802 Domino
1815 756 1830 791 z

108 852 136 880 «
161 826 402 886 Ostende
422 828 584 888 nobis
600 830 819 887 Patrem
841 875 855 901 ‚
883 842 935 887 et
951 828 1152 888 sufficit
1171 826 1364 887 nobis2
1388 847 1403 883 z
1428 851 1456 880 >2
1480 823 1575 883 sed
1593 822 1842 882 nondum

87 912 438 972 ⁴intellexerat
454 960 470 986 ,
495 935 558 974 eo
577 936 796 996 quoque
816 917 983 975 modo
1006 916 1249 996 idipsum
1274 935 1327 972 se
1346 913 1587 994 potuisse
1619 911 1798 970 dicere
1819 956 1834 980 ‚

110 1001 344 1059 Domine
371 1002 591 1061 ostende
625 1005 784 1062 nobis
806 1018 887 1076 te,
925 1019 978 1064 et
1010 1004 1212 1063 sufficit
1245 1002 1425 1062 nobiS.
1462 1001 1537 1058 Ut
1564 999 1709 1058 enim
1731 998 1843 1056 hoc

109 1088 454 1165 intelligeret,
480 1111 802 1172 responsum
822 1094 872 1152 ei
896 1115 926 1152 a
948 1093 1189 1159 Domino
1210 1105 1289 1150 est
1312 1113 1327 1148 t
1354 1116 1381 1143 c<
1402 1091 1579 1148 Tanto
1599 1101 1842 1168 tempore

109 1202 137 1230 »
160 1177 449 1237 vobiscum
478 1201 598 1238 sum
623 1226 638 1254 ,
671 1194 725 1239 et
763 1202 876 1240 non
915 1181 1242 1259 cognovistis
1277 1201 1382 1239 me.
1417 1177 1713 1258 Philippe,
1746 1173 1846 1255 qui

111 1265 299 1324 »vidit
324 1288 444 1339 me,
478 1268 619 1327 vidit
649 1283 702 1329 et
728 1272 965 1330 Patrem.
1000 1294 1030 1324 »
1070 1269 1178 1330 Sed
1210 1269 1340 1350 quia
1377 1267 1601 1328 volebat
1627 1286 1752 1323 eum
1785 1285 1847 1322 ex

113 1351 222 1411 fide
251 1353 432 1413 vivere
455 1368 745 1437 antequam
768 1357 908 1416 illud
932 1371 1114 1438 posset
1141 1356 1322 1417 videre
1343 1402 1358 1428 ‚
1401 1368 1615 1413 secutus
1657 1365 1761 1424 est,
1793 1363 1848 1410 et

114 1440 191 1498 ait
221 1462 237 1498 ε
271 1470 298 1497 c<
323 1442 450 1500 Non
477 1444 653 1503 credis
670 1492 685 1517 ‚
719 1447 847 1526 quia
872 1468 969 1523 ego
997 1446 1056 1505 in
1078 1449 1240 1506 Patre
1267 1459 1321 1504 et
1343 1446 1506 1503 Pater
1534 1443 1591 1502 in
1620 1463 1706 1500 me
1729 1443 1843 1500 est?

114 1554 142 1582 >2
167 1529 433 1601 Quandiu
460 1532 605 1590 enim
626 1555 812 1592 sumus
841 1534 901 1592 in
928 1555 1160 1614 corpore
1180 1581 1195 1601 ‚
1228 1532 1643 1615 peregrinamur
1669 1552 1701 1588 a
1724 1530 1846 1587 Do-

116 1642 144 1669 »
165 1616 335 1677 mino.
361 1619 468 1686 Per
490 1619 656 1678 fidem
681 1621 824 1681 enim
847 1622 1194 1680 ambulamus
1211 1668 1226 1693 ,
1253 1643 1367 1679 non
1387 1642 1487 1701 per
1506 1618 1743 1700 speciem
1756 1615 1798 1676 ³.
1820 1642 1849 1669 ›>

119 1705 527 1788 Contemplatio
567 1710 780 1791 quippe
812 1732 1019 1770 merces
1053 1724 1133 1769 est
1160 1710 1326 1782 fidei,
1366 1709 1459 1768 cui
1491 1706 1731 1766 mercedi
1750 1726 1852 1786 per

120 1793 287 1852 fidem
319 1796 491 1854 corda
518 1798 887 1867 mundantur;
919 1799 1060 1857 sicut
1080 1799 1350 1879 scriptum
1368 1810 1447 1856 est
1471 1819 1486 1854 ε
1520 1822 1547 1849 «
1574 1793 1853 1855 Mundans

121 1907 148 1934 >³
169 1881 278 1940 fide
308 1883 478 1943 corda
499 1885 742 1946 eorum4.
774 1912 802 1940 »
827 1887 1100 1946 Probatur
1120 1899 1304 1945 autem
1326 1883 1479 1967 quod
1504 1883 1586 1942 illi
1612 1894 1854 1942 contem-

120 1968 354 2050 plationi
377 1971 547 2032 corda
565 1974 902 2034 mundentur
917 2023 931 2047 ‚
952 1975 1046 2036 illa
1065 1976 1297 2034 maxime
1320 1973 1583 2032 sententia
1608 1994 1624 2030 ι
1650 1998 1677 2025 (ε
1698 1967 1856 2028 Beati

122 2083 152 2113 2>
174 2058 561 2121 mundicordes
578 2110 594 2136 ,
617 2065 879 2145 quoniam
901 2065 1008 2146 ipsi
1026 2068 1207 2123 Deum
1228 2061 1551 2124 videbunt5.
1583 2087 1611 2115 >2
1631 2061 1704 2118 Et
1722 2057 1856 2140 quia

122 2144 249 2205 haec
278 2160 356 2206 est
387 2149 500 2210 vita
528 2164 757 2224 aeterna,
787 2153 924 2212 dicit
953 2158 1103 2212 Deus
1135 2153 1192 2210 in
1230 2150 1444 2210 Psalmo
1475 2171 1490 2207 ε
1528 2174 1552 2202 t<
1581 2147 1856 2223 Longitu—

125 2259 156 2289 ›>
181 2234 309 2293 dine
348 2236 562 2298 dierum
612 2241 838 2321 replebo
878 2262 1004 2300 eum
1027 2287 1042 2312 ,
1090 2254 1144 2299 et
1181 2238 1464 2299 ostendam
1502 2237 1585 2296 illi
1623 2236 1858 2295 salutare

125 2345 155 2376 >2
177 2326 411 2385 meumss.
450 2353 479 2380 >2
520 2327 645 2388 Sive
677 2350 803 2407 ergo
841 2329 1127 2389 audiamus
1165 2351 1181 2387 t
1229 2354 1257 2383 «
1285 2326 1528 2388 Ostende
1566 2324 1728 2384 nobis
1761 2323 1860 2381 Fi-

128 2435 156 2464 »
175 2409 345 2481 lium3
371 2439 397 2467 ›>
416 2414 527 2474 sive
550 2416 837 2476 audiamus
864 2440 879 2475 z
906 2444 933 2472 c<
959 2417 1201 2477 Ostende
1223 2417 1383 2476 nobis
1405 2417 1625 2474 Patrem
1651 2435 1666 2471 ε
1690 2439 1718 2467 »
1739 2425 1859 2470 tan-

128 2499 375 2559 tumdem
409 2503 584 2573 valet3
631 2506 763 2587 quia
802 2520 991 2566 neuter
1031 2507 1143 2565 sine
1189 2506 1356 2565 altero
1395 2516 1576 2584 potest
1619 2499 1850 2560 ostendi.

130 2588 315 2647 Unum
356 2593 566 2673 quippe
601 2610 759 2666 sunt,
808 2597 950 2655 sicut
987 2609 1040 2654 et
1078 2596 1194 2676 ipse
1237 2595 1354 2653 ait:
1400 2621 1427 2647 «
1454 2595 1569 2668 Ego
1609 2604 1662 2650 et
1698 2592 1862 2647 Pater

132 2699 160 2728 >2
180 2696 353 2736 unum
383 2683 622 2744 sumus⁷.
660 2710 686 2738 »
729 2686 980 2765 Denique
1008 2697 1235 2766 propter
1261 2684 1437 2764 ipsam
1472 2677 1861 2761 inseparabili-

132 2777 299 2823 tatem
315 2813 330 2837 ,
355 2770 682 2831 sufficienter
702 2774 1001 2854 aliquando
1025 2773 1341 2832 nominatur
1358 2817 1373 2843 ‚
1399 2770 1485 2831 vel
1507 2772 1669 2829 Pater
1692 2767 1858 2838 soluS‚

134 2852 221 2912 vel
245 2854 414 2914 Filius
443 2858 586 2917 solus
615 2859 1014 2942 adimpleturus
1046 2883 1146 2920 nos
1173 2861 1363 2920 laetitia
1391 2880 1523 2922 ,cum
1550 2856 1710 2917 vultu
1738 2875 1854 2914 suo,

219 2942 430 3004 XVIII.
470 2947 582 3006 Nec
602 2948 730 3008 inde
750 2964 1031 3030 separatur
1060 2950 1344 3028 utriusque
1367 2947 1605 3028 Spiritus
1624 2992 1639 3017 ‚
1666 2944 1724 3004 id
1752 2956 1860 3014 est,

139 3028 320 3090 Patris
345 3046 400 3092 et
426 3035 549 3094 Filii
570 3037 825 3117 Spiritus.
871 3040 983 3112 Qui
1015 3040 1252 3120 Spiritus
1276 3051 1493 3097 sanctus
1522 3034 1748 3117 proprie
1774 3031 1867 3091 di-

211 3154 225 3182 ¹
250 3157 354 3200 Psal.
377 3172 445 3207 xv,
471 3175 534 3202 10.
559 3185 618 3194 --
648 3159 668 3190 ²
692 3166 812 3205 Joau.
845 3179 930 3212 xw,
954 3168 996 3208 8.
1021 3187 1081 3195 —
1099 3162 1118 3194 3
1137 3179 1159 3204 a
1183 3167 1276 3206 Cor.
1293 3177 1330 3205 v.
1353 3165 1397 3208 6.
1422 3186 1479 3195 —
1498 3159 1516 3192 ⁴
1534 3165 1624 3204 Act.
1659 3174 1726 3209 xv,
1747 3174 1785 3212 9.
1808 3179 1867 3189 —

143 3223 162 3254 ⁵
185 3226 333 3269 Mani».
359 3240 396 3276 V,
416 3230 454 3269 8.
471 3250 524 3258 -
544 3226 562 3257 ⁶
587 3227 691 3272 Psal.
713 3244 776 3278 xe,
803 3233 866 3274 16.
886 3253 942 3260 —
961 3229 979 3259 ⁷
996 3234 1117 3274 Joan.
1142 3246 1182 3282 x,
1204 3233 1270 3273 30.
