2144 3808
307 317 420 377 136
728 336 730 338 ·
823 339 868 380 3.
921 337 1231 379 Auens-nm
1273 336 1528 377 muscorr

298 439 463 499 quem
491 433 780 500 peccatum
803 419 1028 479 intravit
1043 420 1101 478 in
1118 419 1389 478 mundum
1404 418 1428 456 1
1457 439 1474 478 z
1500 419 1630 500 quia
1654 419 1753 478 iste
1768 441 1876 478 non
1896 418 2028 479 fecit

298 507 638 567 voluntatem
657 531 812 567 suam
832 555 846 580 ‚
878 508 971 567 sed
991 513 1105 584 ejus
1127 531 1157 567 a
1184 529 1295 589 quo
1324 509 1515 567 missus
1543 522 1648 581 est,
1678 530 1805 567 cum
1833 508 1923 567 ille
1944 509 2030 568 fe-

306 597 441 654 cerit
469 608 620 655 suam
644 644 659 668 ‚
679 618 792 655 non
822 601 937 672 ejus
961 620 989 654 a
1022 617 1132 677 quo
1159 610 1372 655 creatus
1388 610 1483 656 est.
1509 597 1622 656 Nec
1650 611 1864 656 moveat
1887 609 2033 678 quo'-

223 720 227 721 ff
297 684 465 742 modo
495 685 748 743 Christus
774 684 1075 744 secundum
1099 684 1158 743 id
1187 684 1338 765 quod
1361 685 1530 743 homo
1555 699 1654 757 est,
1689 685 2030 744 descenderit

298 772 367 830 de
397 772 562 842 coe10‚
590 793 719 831 cum
738 772 806 831 de
833 786 1003 831 matre
1030 794 1157 854 quae
1173 773 1231 831 in
1249 786 1389 831 terra
1417 786 1531 831 erat
1553 773 1729 849 factus
1748 773 1817 831 sit
1837 773 2025 833 homo,

298 860 422 918 Hoc
441 861 591 918 enim
606 873 835 941 propter
850 862 1115 919 unitatem
1133 882 1381 941 personae
1408 860 1619 919 dictum
1640 875 1746 932 est,
1776 862 2036 941 quoniam

299 970 411 1008 una
443 971 674 1031 persona
705 963 783 1008 est
819 950 1074 1009 Christus
1115 951 1259 1008 Deus
1295 963 1348 1007 et
1385 950 1574 1009 homo.
1621 951 1857 1030 Propter
1885 949 2039 1030 quod

301 1037 505 1096 etiam:
544 1065 571 1102 ις
597 1039 801 1110 Nem0‚
837 1038 1049 1118 inquit,
1100 1037 1342 1096 ascendit
1365 1037 1424 1095 in
1449 1037 1685 1109 coelum,
1721 1038 1823 1096 nisi
1850 1038 2042 1119 quide

304 1150 333 1178 >2
356 1125 500 1184 coelo
537 1126 818 1185 descendit
837 1173 851 1198 ‚
887 1126 1054 1184 Filius
1083 1125 1324 1184 hominis
1367 1126 1463 1206 qui
1492 1139 1569 1184 est
1599 1128 1657 1184 in
1692 1126 1835 1185 coelo
1855 1127 1899 1186 2.
1931 1153 1957 1179 ›>
1986 1126 2043 1184 Si

303 1235 430 1290 ergo
449 1215 696 1273 attendas
717 1214 1123 1273 distinctionem
1148 1214 1602 1286 substantiarum,
1650 1214 1819 1273 Filius
1852 1215 1952 1273 Dei
1977 1213 2045 1272 de

306 1302 451 1360 coelo
469 1302 769 1379 descendit2
793 1302 961 1360 Filius
988 1301 1226 1360 hominis
1247 1302 1537 1359 crucifixus
1551 1315 1631 1359 est
1660 1323 1674 1358 t
1704 1302 1748 1360 si
1778 1292 2046 1359 unitatem

309 1411 591 1471 personae,
625 1404 679 1448 et
702 1385 871 1448 Fili‘us
898 1389 1141 1447 hominis
1170 1389 1451 1447 descendit
1482 1389 1549 1447 de
1587 1389 1761 1457 coelo,
1794 1403 1848 1447 et
1883 1390 2046 1448 Filius

311 1479 414 1537 Dei
435 1483 521 1536 ‘est
549 1480 858 1539 crucifixus,
899 1479 1024 1559 Ipse
1050 1491 1128 1536 est
1148 1478 1292 1535 enim
1318 1478 1587 1537 Dominus
1618 1477 1826 1555 gloriae,
1849 1478 1916 1536 de
1935 1497 2048 1559 quo·

315 1594 344 1623 »
375 1569 451 1627 ait
475 1569 767 1650 Apostolus
788 1592 803 1627 ι
838 1594 862 1621 a
884 1570 941 1627 Si
965 1569 1107 1626 enim
1127 1568 1526 1643 cognovissent,
1547 1590 1832 1648 nunquam
1853 1568 2048 1626 Domi-

314 1686 342 1712 »
371 1681 503 1716 num
534 1659 720 1735 gloriae
752 1659 1142 1717 crucifixissent
1162 1657 1203 1716 3.
1232 1683 1257 1710 »
1287 1659 1523 1737 Propter
1546 1658 1694 1716 hanc
1716 1679 1844 1733 ergo
1868 1659 2047 1715 unita-

313 1761 424 1806 tem
442 1769 711 1829 personae‚
732 1770 842 1806 non
864 1748 1040 1806 solum
1072 1747 1274 1805 Filium
1301 1746 1551 1805 hominis·
1561 1746 1695 1804 dixit
1714 1746 2048 1805 descendisse

318 1837 387 1896 (10
419 1837 586 1910 00010,
620 1837 713 1895 sed
735 1859 844 1896 esse
866 1837 1003 1896 dixit
1022 1837 1079 1895 iu
1102 1836 1269 1905 00010,
1296 1857 1423 1894 cum
1459 1835 1775 1917 loqueretur
1797 1837 1856 1894 in
1881 1850 2040 1897 terra.

287 1953 289 1955 ’
320 1927 447 1986 Νο0
463 1925 932 2003 ergovoluntatem
951 1947 1105 1984 suam
1131 1924 1280 1996 fecit,
1303 1924 1431 2004 quia
1446 1939 1736 2005 peccatum
1768 1946 1878 1983 non
1896 1924 2044 1983 fecit:

321 2015 415 2073 sed
439 2014 778 2073 voluntatem
804 2013 935 2073 fecit
954 2015 1098 2073 illius
1113 2014 1207 2094 qui
1234 2035 1355 2071 eum
1382 2014 1546 2074 misit.
1578 2017 1623 2072 T
1631 2036 1737 2072 unc
1758 2015 1902 2073 enim
1920 2013 2051 2072 facit

319 2104 492 2162 homo
513 2104 849 2163 voluntatem
867 2104 989 2176 Dei,
1005 2103 1227 2185 quando
1251 2101 1384 2161 facit
1400 2103 1670 2179 justitiam
1695 2125 1821 2184 quae
1848 2126 1906 2162 ex
1937 2104 2052 2162 Deo

323 2207 420 2254 est.

400 2286 461 2356 4⁰
486 2284 600 2341 Nec
631 2283 708 2340 sic
730 2282 1058 2340 arbitremur
1085 2304 1114 2340 a
1138 2282 1299 2340 Patre
1327 2281 1548 2339 missum
1576 2302 1687 2339 esse
1716 2280 1917 2339 Filium
1934 2328 1949 2353 ,
1991 2294 2053 2339 ut

320 2394 433 2431 non
455 2373 524 2430 sit
550 2371 743 2429 missus
771 2371 841 2429 ab
868 2371 1081 2451 Spiritu
1108 2383 1296 2428 sancto
1323 2392 1337 2428 z
1365 2391 1493 2428 cum
1522 2391 1621 2428 vox
1650 2368 1821 2449 ipsius
1845 2370 1915 2427 sit
1954 2392 2054 2449 per

325 2459 705 2541 Prophetam:
743 2460 868 2516 «Et
898 2480 1049 2517 nunc
1090 2458 1359 2517 Dominus
1387 2458 1536 2517 misit
1576 2479 1694 2530 me,
1732 2470 1784 2516 et
1822 2458 2055 2538 Spiritus

323 2575 352 2603 »
381 2554 516 2625 ejus,
563 2573 589 2601 »
627 2548 749 2606 Hoc
788 2543 934 2606 enim
955 2547 1154 2605 Filium
1186 2547 1402 2618 dixisse,
1430 2546 1678 2604 indicant
1699 2568 1758 2603 ea
1778 2566 1904 2626 quae
1931 2559 2058 2604 sunt

324 2639 474 2698 dicta
501 2637 768 2718 superius,
808 2638 951 2695 Nam
993 2636 1070 2695 sic
1106 2636 1175 2694 ad
1227 2636 1330 2694 ista
1367 2635 1537 2694 verba
1579 2647 1906 2715 perventum
1937 2649 2049 2693 est:

322 2755 350 2782 «
382 2726 584 2786 Audite
614 2747 723 2796 me,
756 2725 960 2806 inquit,
987 2725 1164 2783 Jacob
1190 2738 1244 2782 et
1272 2723 1443 2782 Israel
1475 2744 1638 2804 quem
1679 2744 1777 2799 ego
1812 2724 2046 2784 vocabo,

321 2842 351 2872 ³>
381 2818 497 2892 Ego
517 2818 635 2873 sum
660 2815 895 2895 primUS,
921 2827 975 2872 et
995 2835 1093 2890 ego
1117 2835 1238 2872 sum
1256 2813 1314 2871 in
1338 2825 1627 2882 aeternum,
1652 2825 1705 2869 et
1724 2834 1916 2870 manus
1938 2834 2055 2871 mea

323 2933 353 2962 >2
380 2903 637 2964 fundavit
656 2916 881 2974 terram,
907 2901 1122 2960 dextera
1144 2922 1263 2958 mea
1295 2900 1548 2959 solidavit
1569 2900 1793 2960 coelum.
1832 2900 2055 2960 Vocabo

320 3021 349 3050 ))
377 2993 521 3063 illos,
553 3004 605 3048 et
629 2991 890 3048 astabunt
918 2989 1108 3062 simul‚-
1143 2989 1467 3048 convenient
1504 2990 1667 3048 etiam
1696 2989 1968 3061 universi,
2002 3003 2055 3047 et

318 3111 347 3139 »
378 3080 618 3141 audient.
653 3079 793 3151 Quis
821 3078 925 3137 illis
962 3078 1241 3137 nuntiavit
1269 3078 1437 3137 haec?
1472 3078 1715 3155 Diligens
1746 3091 1797 3136 te
1818 3076 1923 3136 feci
1952 3099 2056 3137 vo-

319 3200 348 3229 »
375 3172 643 3231 luntatem
663 3180 814 3225 tuam
831 3188 995 3247 super
1008 3165 1339 3247 Babylonia,
1364 3180 1426 3225 ut
1440 3166 1663 3225 tollatur
1677 3187 1856 3225 semen
1878 3166 1963 3224 Ch
1973 3166 2056 3226 al-

321 3291 349 3318 »
378 3261 644 3321 daeorum.
675 3258 791 3334 Ego
818 3255 1036 3316 locutus
1071 3278 1191 3316 sum
1213 3304 1228 3329 ,
1265 3279 1362 3334 ego
1387 3257 1580 3317 vocavi
1600 3303 1615 3329 ,
1650 3254 1851 3317 adduxi
1898 3255 2054 3317 illum

385 3363 396 3391 ¹
419 3364 596 3409 Roma,
626 3371 690 3400 12.
720 3379 772 3388 --
798 3354 817 3383 2
837 3358 962 3398 Joan.
985 3358 1219 3409 m,13.--
1238 3352 1255 3385 3
1286 3370 1301 3396 1
1325 3357 1417 3399 Cor,
1435 3371 1481 3409 11,
1512 3357 1549 3396 8.
