2144 3808
324 289 444 348 300
860 310 909 350 s.
959 308 1270 350 Ausus-nm
1312 306 1571 348 Emscom

321 387 468 447 tolus
495 386 632 448 dicit
650 401 677 447 τ’
697 390 930 450 «Ε’1111110
961 412 1059 451 vos
1088 405 1321 451 veterem
1335 388 1641 460 hominem,
1661 401 1716 447 et
1727 387 1938 450 induite
1955 413 2054 451 no-

321 476 570 539 ».vu'm1.
604 478 823 551 »Quod
848 481 922 538 ita
945 493 1337 561 consequenter
1359 478 1582 559 exponit
1611 500 1625 535 ε
1651 504 1676 530 c<
1698 478 2055 560 Quapropter

316 592 344 621 »
363 565 698 647 deponentes
728 569 1100 643 mendacium,
1129 568 1417 650 loquimini
1445 567 1747 627 veritatem.
1780 595 1808 620 ³)
1833 569 1943 626 Ubi
1971 590 2058 628 au-

319 667 431 712 tem
462 650 763 735 deponitur
803 658 1154 717 mendacium
1179 704 1194 729 ,
1228 657 1330 715 nisi
1366 657 1542 727 intus,
1586 669 1648 714 ut
1698 656 1973 715 inhabitet
1999 657 2058 715 in

319 757 507 802 monte
531 758 718 804 sancto
749 745 853 805 Dei
882 748 979 828 qui
1006 748 1253 828 loquitur
1280 746 1561 806 veritatem
1596 745 1654 802 in
1683 744 1966 804 cordersuo
1986 746 2056 804 2?

317 831 664 892 Resurrectio
687 855 815 894 vero
843 837 1091 917 corporis
1119 835 1343 894 Domini
1374 833 1445 892 ad
1481 846 1881 892 sacramentum
1911 833 2060 891 inte-

314 921 475 979 -rioris
494 924 901 982 resurrectionis
925 940 1127 984 nostrae
1147 925 1419 1005 pertinere
1439 921 1769 994 ostenditur,
1792 923 1891 980 ubi
1907 934 2061 1002 post-

316 1023 485 1089 quam
505 1012 814 1084 resurrexit,
850 1013 927 1070 ait
954 1013 1203 1070 mulieri:
1236 1011 1515 1069 «11011ωο
1539 1024 1776 1097 tangere,
1810 1010 2063 1070 nondum

315 1097 505 1154 »enim
526 1098 746 1157 ascendi
764 1099 836 1158 ad
858 1102 1079 1158 Patrem
1100 1121 1285 1158 meum
1305 1099 1347 1158 3.
1374 1099 1787 1177 »Cuimysterio
1809 1098 2085 1177 congruit¹

319 1184 616 1264 Apostolus
640 1185 859 1246 dicens:
888 1215 915 1242 c<
942 1190 999 1247 Si
1023 1203 1206 1247 autem
1225 1187 1635 1266 consurrexistis
1655 1208 1786 1245 cum
1811 1187 2058 1259 Christ0,

315 1300 344 1328 »
371 1290 500 1354 quae
529 1296 743 1334 sursum
765 1291 893 1336 sunt
910 1279 1166 1359 quaerite,
1189 1277 1290 1336 ubi
1319 1277 1572 1335 Christus
1590 1291 1670 1334 est
1701 1274 1770 1333 ad.
1791 1274 2064 1338 dexteram

315 1388 344 1416 ›>
378 1362 480 1420 Dei
507 1362 716 1435 sedenS,
758 1386 886 1446 quae
915 1387 1129 1426 sursum
1169 1378 1296 1424 sunt
1325 1365 1499 1446 sapite
1530 1362 1573 1417 4·
1605 1390 1631 1416 >2
1667 1369 1794 1421 Hocv
1821 1376 1899 1421 est
1920 1363 2065 1422 enim

322 1449 609 1508 Christum
636 1473 751 1512 non
790 1467 1033 1531 tangere,
1069 1455 1175 1513 nisi
1215 1476 1345 1513 cum
1387 1451 1694 1511 ascenderit
1725 1451 1796 1515 ad
1812 1456 2059 1530 Patrem,

320 1559 436 1596 non
459 1537 527 1597 de
557 1539 781 1600 Christo
811 1564 998 1624 sapere
1021 1544 1330 1602 carnaliter.
1369 1547 1624 1601 Jamvero
1656 1540 1727 1599 ad
1749 1539 2064 1620 exemplum

317 1627 511 1686 mortis
540 1630 814 1698 exterioris
857 1633 1097 1691 hominis
1143 1633 1316 1690 nostri
1351 1630 1664 1689 Dominicae
1695 1628 1876 1687 carnis
1916 1648 2065 1687 mors

320 1716 594 1796 pertinet,
629 1719 760 1798 quia
785 1742 886 1800 per
910 1720 1070 1779 talem
1108 1721 1416 1802 passionem
1438 1718 1669 1777 maxime
1694 1716 1952 1785 hortatus
1983 1727 2064 1776 est

322 1824 503 1863 servos
516 1827 662 1880 51105,
687 1821 748 1872 ut
765 1830 878 1867 non
893 1809 1122 1868 timeant
1144 1831 1235 1868 eos
1271 1808 1368 1889 qui
1401 1827 1604 1887 corpus
1623 1803 1911 1875 occidunt,
1941 1805 2065 1862 ani-

320 1912 472 1950 mam
501 1907 685 1953 autem
717 1918 831 1954 non
857 1911 1089 1976 possunt
1121 1897 1369 1956 occidere
1399 1896 1442 1956 5.
1485 1898 1722 1976 Propter
1747 1892 1900 1975 quod
1928 1892 2068 1952 dicit

322 1981 622 2060 Apostolus
655 2005 670 2040 :
718 2009 746 2037 c<
781 1984 856 2042 Ut
899 1985 1186 2065 suppleam
1236 2006 1362 2066 quae
1427 1984 1629 2042 desunt
1686 2003 2066 2064 pressurarum

324 2094 353 2121 >³
377 2068 620 2129 Christi
604 2093 664 2128 111
684 2092 846 2132 carne
874 2095 995 2132 mea
1024 2075 1145 2134 6.»
1169 2075 1242 2139 Et
1265 2073 1336 2132 ad
1361 2072 1671 2171 exemplum
1702 2069 2067 2130 resurrecrio-⁸

323 2156 406 2232 nis
428 2160 703 2219 exterioris
727 2161 972 2220 hominis
996 2163 1169 2221 nostri
1188 2184 1287 2243 per
1297 2162 1465 2219 tinere
1488 2160 1766 2220 invenitur
1788 2170 2068 2235 resurrec-

324 2245 402 2304 tio
446 2249 708 2349 corporis
734 2250 991 2323 Domini,
1027 2252 1159 2332 quia
1199 2249 1498 2331 Discipulis
1531 2249 1648 2307 ait.
1687 2274 1716 2302 «
1744 2232 1974 2329 Palpate
2013 2259 2068 2304 et

327 2360 355 2388 >2
379 2328 602 2409 videte,
614 2338 745 2418 quia
772 2340 995 2420 spiritus
1008 2362 1233 2400 carnem
1255 2353 1310 2398 et
1330 2361 1445 2397 ossa
1463 2359 1577 2397 non
1601 2337 1795 2410 habet,
1820 2337 1965 2396 sicut
1979 2357 2067 2394 me

324 2448 353 2478 >2
384 2424 583 2485 videtis
622 2427 828 2486 habere
853 2429 896 2489 7.
937 2455 967 2483 »
1005 2432 1077 2489 Et
1122 2452 1264 2490 1111115
1307 2452 1367 2490 ex
1388 2426 1689 2508 Discipulis
1721 2427 1886 2485 etiam
1914 2426 2067 2484 cica-

322 2514 486 2573 trices
514 2520 631 2592 ejus
675 2532 1052 2592 contrectans,
1105 2520 1429 2582 exclamavit
1477 2518 1664 2576 dicens
1696 2539 1711 2574 :
1745 2543 1771 2570 «
1794 2516 2067 2576 Dominus

326 2627 356 2656 »
387 2623 538 2662 meus
562 2616 615 2662 et
646 2604 795 2665 Deus
823 2630 976 2668 meus
998 2610 1041 2670 8.
1083 2636 1111 2664 »
1148 2612 1364 2668 Etcum
1391 2607 1537 2667 illius
1569 2605 1748 2664 carnis
1777 2618 1893 2664 tota
1921 2605 2068 2665 inte-

324 2691 490 2767 gritas
526 2709 835 2774 appareret,
881 2697 1316 2757 demonstratum
1346 2709 1426 2756 est
1461 2695 1521 2754 in
1553 2714 1614 2751 ea
1643 2692 1797 2774 quod
1820 2714 1944 2752 suos
1970 2714 2067 2753 ex·-

323 2779 554 2841 hortans
572 2783 822 2855 dixerat.
853 2813 880 2840 ε(
906 2787 1156 2869 Capillus
1183 2787 1377 2869 capitis
1403 2783 1566 2845 vestri
1593 2804 1707 2842 non
1739 2783 1946 2863 peribit
1978 2783 2025 2842 9.
2039 2807 2067 2836 >>

320 2868 481 2929 Unde
505 2871 652 2931 enim
688 2875 906 2954 Ρ111110·
933 2902 959 2929 α
998 2876 1126 2935 Noli
1149 2895 1235 2934 me
1256 2889 1503 2950 tangere,
1537 2870 1790 2930 nondum
1818 2871 1963 2931 enim
1981 2891 2066 2928 as-

322 2980 352 3014 »
370 2959 531 3019 cendi
553 2961 625 3020 ad
650 2964 871 3024 Patrem
889 2987 1070 3026 meum
1085 2964 1180 3006 ¹⁰·
1166 3008 1180 3024 .
1213 2992 1238 3018 »
1262 2978 1315 3024 et
1333 2962 1479 3023 unde
1497 2973 1785 3042 antequam
1810 2959 2066 3021 ascendat

382 3091 397 3121 ¹
421 3091 567 3147 Ephes.
590 3107 648 3148 w,
674 3110 824 3138 22.·--
847 3095 866 3126 ²
886 3099 985 3140 Psal.
1011 3112 1100 3153 κισ,
1131 3112 1167 3139 1.
1187 3121 1238 3131 -—
1259 3095 1277 3129 3
1298 3102 1423 3142 Joan.
1447 3112 1517 3149 xx,
1545 3114 1613 3150 17.
1635 3121 1690 3131 ·-—
1715 3094 1734 3127 ⁴
1755 3097 1906 3138 Coloss.
1933 3108 1999 3144 nr,
2023 3108 2063 3137 1.

322 3180 381 3191 ·-
403 3156 423 3189 ⁵
447 3159 592 3203 Matth.
609 3175 655 3213 x,
672 3164 744 3207 28.
764 3161 858 3205 -,--6
874 3166 1026 3208 Coloss.
1049 3180 1086 3215 ι,
1112 3174 1180 3214 24.
1199 3190 1257 3202 —-
1279 3164 1298 3198 '¹
1324 3172 1422 3211 Luc.
1443 3179 1554 3219 xxiv,
1575 3167 1707 3219 39.--
1728 3161 1747 3194 ⁸
1766 3166 1886 3207 Jonn.
1906 3175 1974 3213 xx,
1990 3161 2063 3205 23·

322 3250 378 3262 —-
394 3225 415 3259 ⁹
431 3232 529 3274 Luc.
552 3242 647 3288 xxx,
673 3234 739 3279 18.
756 3253 814 3265 —-
834 3232 873 3265 ¹⁰
887 3236 1011 3280 Joan.
1031 3248 1098 3287 xx,
1128 3247 1195 3286 ¹7·
