2144 3808
605 312 676 352 m:
717 310 1042 363 rutulum,
1087 311 1198 352 Lm.
1250 282 1327 353 vt.
1724 295 1843 357 353

115 393 347 454 voluerit
367 437 383 468 ,
417 393 548 476 quia
576 406 630 451 et
661 393 804 452 solus
831 398 993 451 Pater
1020 393 1168 474 Deus
1190 413 1350 452 verus
1379 407 1493 466 est,
1529 418 1596 455 ne
1620 418 1732 456 non
1753 399 1847 457 in-

114 482 476 560 telligeremus
523 482 721 554 Deum,
766 481 871 540 nisi
904 481 1023 563 ipsa
1051 481 1158 540 tria
1182 481 1366 555 simul,
1408 486 1624 542 Patrem
1659 498 1714 543 et
1749 487 1836 546 Fi-

112 571 250 630 lium
270 584 324 629 et
353 569 624 651 Spiritum
646 582 917 630 sanctum.
950 571 1098 630 Num
1122 591 1250 646 ergo
1272 591 1333 629 ex
1354 571 1580 639 Domini
1603 564 1843 632 testimo·

112 660 204 718 nio
226 705 241 731 ,
273 672 328 718 et
364 663 581 718 Patrem
611 678 783 717 unum
811 679 1005 719 verum
1038 659 1216 717 Deum
1252 657 1521 732 dicimUS,
1558 671 1614 719 et
1641 659 1843 720 Filium

112 768 286 823 unum
313 767 505 808 verum
530 747 707 806 Deum
729 792 743 817 ‚
783 759 837 807 et
875 746 1146 827 Spiritum
1169 759 1422 806 sanctum
1455 766 1628 807 unum
1651 767 1844 809 verum

112 837 290 895 Deum
309 883 328 909 ,
352 850 406 895 et
429 835 594 895 simul
621 836 840 895 Patrem
864 848 922 894 et
945 834 1146 895 Filium
1166 848 1222 894 et
1249 833 1522 916 Spiritum
1553 848 1805 896 sanctum
1822 883 1838 908 ,

110 923 168 982 id
185 938 292 996 est,
320 923 482 983 simul
501 923 677 1005 ipsam
707 922 1034 982 Trinitatem
1052 970 1067 996 ,
1093 944 1207 982 non
1234 937 1340 984 tres
1358 942 1516 984 veros
1543 926 1686 991 Deos
1705 972 1721 998 ,
1748 924 1844 984 sed

110 1033 282 1071 unum
323 1033 514 1074 verum
553 1013 772 1073 Deum?
805 1015 891 1072 An
931 1013 1196 1096 quoniam
1232 1010 1490 1072 addiditx
1521 1039 1551 1068 <z
1578 1015 1650 1073 Et
1679 1033 1844 1096 quem

110 1125 138 1154 »
162 1100 354 1161 misisti
394 1101 427 1159 J
431 1121 584 1161 esum
627 1100 950 1171 Christum3
975 1128 1002 1157 »
1029 1098 1474 1161 subaudiendum
1514 1113 1628 1172 est,
1665 1115 1844 1162 unum

109 1209 298 1250 verum
338 1194 519 1248 Deum
541 1235 556 1259 ,
599 1202 653 1249 et
691 1188 827 1249 ordo
867 1190 1166 1250 verborum
1193 1203 1273 1249 est
1296 1211 1315 1248 e
1347 1191 1467 1249 «Ut
1498 1202 1550 1251 t'e
1579 1202 1633 1251 et
1675 1199 1842 1273 quem

106 1303 132 1330 »
157 1277 351 1336 misisti
396 1283 581 1336 Jesum
635 1278 922 1338 Christum
961 1326 977 1350 ,
1037 1292 1369 1356 cognoscant
1418 1299 1594 1338 unum
1645 1298 1838 1340 verum

109 1392 136 1432 ᾳ)
162 1367 382 1426 Deum?
404 1394 432 1421 »
468 1367 586 1426 Cur
619 1387 746 1444 ergo
777 1368 948 1426 tacuit
974 1367 1043 1427 de
1071 1366 1287 1449 Spiritu
1316 1372 1545 1428 sancto?
1578 1368 1665 1427 An
1695 1388 1844 1449 quo-

107 1453 255 1512 niam
286 1475 629 1535 ,consequens
669 1468 780 1527 est,
832 1468 895 1515 ut
938 1456 1280 1538 ubicumque
1319 1457 1635 1516 nominatur
1672 1475 1844 1516 unum

110 1556 259 1602 tanta
297 1565 434 1625 pace
467 1544 566 1604 uni
593 1543 881 1605 adhaerens
906 1592 923 1620 ,
953 1560 1017 1606 ut
1041 1566 1142 1628 per
1163 1547 1314 1614 hane
1349 1560 1646 1628 utrumque
1673 1563 1847 1605 unum

108 1632 198 1704 sit,
226 1636 344 1709 jam
373 1654 436 1693 ex
466 1631 577 1693 hoc
602 1633 940 1712 intelligatur
961 1635 1127 1695 etiam
1151 1635 1273 1717 ipsa
1295 1652 1422 1717 pax,
1455 1635 1708 1716 quamvis
1735 1652 1849 1693 non

108 1726 604 1784 commemoretur?
628 1723 773 1783 Nam
792 1737 846 1783 et
865 1724 961 1784 illo
987 1724 1112 1784 loco
1131 1726 1427 1806 Apostolus
1448 1724 1672 1786 videtur
1693 1722 1849 1806 quasi

104 1810 518 1892 praetermittere
549 1810 821 1892 Spiritum
849 1827 1100 1872 sanctum
1119 1858 1135 1885 ‚
1162 1827 1220 1872 et
1245 1826 1429 1873 tamen
1452 1814 1617 1872 etiam
1645 1813 1727 1872 ibi
1754 1812 1846 1871 in·-

108 1899 405 1976 telligitur,
458 1900 560 1961 ubi
605 1900 681 1961 ait
707 1922 723 1959 ε
749 1927 776 1956 c<
798 1902 1005 1961 Omnia
1062 1916 1191 1962 sunt
1238 1915 1462 1975 vestra‘‚
1514 1921 1611 1962 vos
1666 1915 1849 1960 autem
1938 1968 1948 1973 ,

108 2016 135 2043 »
166 1989 405 2062 Christi,
466 1989 721 2049 Christus
765 2004 950 2051 autem
1000 1993 1121 2052 Dei.
1153 2017 1181 2048 n
1223 1993 1296 2059 Et
1335 1992 1534 2051 iterum
1564 2010 1579 2051 ε
1609 2017 1637 2046 α
1659 1991 1848 2073 Caput

108 2104 134 2131 »
159 2077 400 2137 mulieris
427 2077 535 2150 vir,
573 2092 744 2160 caput
765 2079 872 2141 viri
902 2079 1157 2141 Christus
1177 2128 1192 2154 ,
1218 2094 1392 2162 caput
1422 2093 1606 2139 autem
1636 2079 1848 2140 Christi

107 2192 135 2219 >z
163 2165 362 2228 Deus1.
389 2193 416 2220 >2
440 2165 545 2227 Sed
579 2189 767 2228 rursus
789 2169 834 2227 si
860 2170 1006 2228 Deus
1032 2191 1146 2228 non
1165 2169 1271 2228 nisi
1304 2169 1488 2228 omnia
1508 2168 1671 2227 simul
1699 2169 1804 2226 tria
1825 2213 1841 2240 ,

107 2255 387 2335 quomodo
422 2269 594 2336 caput
616 2257 826 2316 Christi
858 2259 1027 2330 DeuS‚
1058 2258 1118 2317 id
1144 2270 1246 2330 est,
1279 2270 1450 2338 eaput
1476 2257 1687 2315 Christi
1713 2256 1851 2314 Tri-·

106 2344 278 2415 nitas,
310 2365 440 2402 eum
473 2342 534 2401 in
559 2345 603 2402 T
607 2329 826 2405 rinitdss
858 2346 927 2405 sit
957 2346 1213 2406 Christus
1250 2351 1312 2408 ut
1333 2347 1403 2405 sit
1437 2345 1717 2405 Trinitas?
1755 2344 1842 2404 An

106 2433 258 2515 quod
279 2447 359 2492 est
383 2435 547 2493 Pater
571 2455 701 2494 cum
722 2435 884 2507 Filio,
927 2449 1098 2518 caput
1128 2450 1206 2495 est
1227 2436 1275 2495 ei
1300 2435 1452 2517 quod
1476 2448 1556 2494 est
1577 2435 1726 2495 solus
1750 2434 1846 2493 Fi-

106 2523 244 2582 lius?
274 2521 420 2580 Cum
465 2522 603 2582 Filio
647 2523 794 2583 enim
836 2525 1000 2584 Pater
1038 2528 1224 2597 DeuS‚
1269 2524 1413 2584 solus
1451 2537 1634 2583 autem
1677 2522 1848 2582 Filius

110 2611 364 2671 Christus
384 2624 461 2670 est
491 2633 507 2670 ε
541 2611 772 2672 maxime
799 2615 931 2694 quia
955 2617 1074 2690 {jam
1095 2614 1343 2674 Verbum
1373 2633 1502 2672 caro
1522 2612 1733 2671 factum
1757 2611 1848 2669 lo-

106 2703 316 2783 quitur,
356 2700 658 2762 secundum
697 2722 866 2782 quam
903 2702 1273 2763 humilitatem
1317 2707 1434 2779 ejus
1469 2701 1634 2760 etiam
1673 2702 1850 2775 major

109 2802 186 2847 est
210 2791 392 2861 Pater,
425 2789 568 2849 sicut
595 2788 731 2852 dicit
757 2813 771 2850 :
802 2791 1128 2864 «Quoniam
1157 2794 1321 2851 Pater
1355 2795 1532 2867 major
1569 2810 1656 2847 me
1678 2802 1792 2847 est:
1821 2813 1848 2841 υ

108 2891 171 2937 ut
191 2878 306 2937 hoc
329 2877 510 2958 ipsum
540 2878 716 2939 Deum
736 2902 845 2940 esse
863 2927 879 2953 ‚
911 2881 1064 2961 quod
1091 2881 1173 2940 illi
1195 2903 1323 2940 cum
1349 2881 1512 2938 Patre
1540 2899 1717 2937 unum
1742 2890 1843 2948 est,

110 2979 278 3046 caput
316 2967 386 3024 sit
416 2966 658 3026 hominis
686 2968 1039 3041 Mediatoris,
1089 2969 1244 3050 quod
1282 2969 1400 3051 ipse
1450 2966 1596 3026 solus
1641 2977 1737 3026 est.
1787 2965 1847 3023 Si

108 3055 254 3113 enim
283 3067 519 3114 mentem
551 3068 694 3114 recte
720 3055 957 3115 dicimus
983 3057 1293 3138 principale
1334 3054 1573 3115 hominis
1595 3100 1611 3126 ,
1639 3052 1699 3112 id
1728 3066 1808 3112 est
1825 3099 1841 3124 ‚

110 3157 371 3225 tanquam
384 3157 555 3226 caput
569 3145 831 3204 humanae
856 3144 1202 3217 substantiae,
1228 3166 1358 3204 cum
1379 3144 1496 3225 ipse
1517 3142 1689 3201 homo
1715 3163 1846 3215 cum

171 3253 185 3283 ¹
219 3268 234 3294 ι
262 3256 368 3314 Ωον.7
384 3267 452 3306 ιιι,
471 3268 540 3302 22,
561 3261 603 3297 et
619 3266 681 3306 ιι,
699 3256 736 3295 3.
755 3275 813 3286 --
829 3250 849 3284 2
867 3256 991 3296 Jouu.
1007 3267 1095 3308 xxv,
1122 3258 1192 3298 28.
1208 3276 1266 3293 —-
1281 3251 1300 3286 ³
1324 3268 1340 3295 x
1366 3253 1475 3299 Tim.
1494 3265 1543 3303 ιι,
1563 3253 1604 3294 5.
