2144 3808
299 311 421 382 404
690 374 693 376 ,
829 327 873 366 s.
927 326 1233 368 Auensnm
1276 322 1535 366 Emscom

300 411 395 472 sed
424 428 665 492 praesens
685 406 956 491 quiddam
984 430 1171 481 cern0,
1208 422 1261 467 et
1289 427 1454 486 cerno
1489 405 1639 489 apud
1665 427 1773 479 me,
1799 407 1896 466 etsi
1922 426 2036 468 non

299 521 422 560 sum
445 500 560 582 ipse
577 498 728 581 quod
743 520 932 570 cerne,
961 511 1014 557 et
1031 498 1190 557 multi
1212 498 1255 555 si
1278 496 1503 555 audiant
1526 495 1939 578 approbabunt.
1965 499 2037 581 Et

298 590 544 671 quisquis
563 611 646 647 me
672 588 827 646 audit
853 602 1017 669 atque
1039 588 1269 651 scienter
1289 586 1589 667 approbat,
1617 585 1766 666 apud
1784 607 1837 643 se
1854 599 1907 644 et
1921 585 2037 666 ipse

300 678 412 737 hoc
442 678 585 736 idem
608 677 805 747 cernit,
838 678 923 734 eti·
915 677 1046 735 umsi
1067 698 1175 734 non
1207 676 1275 733 sit
1301 689 1353 732 et
1374 676 1491 755 ipse
1507 674 1658 754 quod
1683 675 1872 735 cernit.
1905 676 1937 733 J
1945 696 2038 733 us-

298 779 389 825 tus
416 787 545 824 vero
567 786 694 824 cum
723 764 781 824 id
808 764 967 836 dicit,
991 765 1047 823 id
1080 764 1263 846 quod
1250 785 1366 845 ipse
1395 775 1474 821 est
1502 763 1676 821 cernit
1702 776 1757 822 et
1784 763 1937 823 dicit.
1968 764 2040 822 Et

301 856 402 915 ubi
448 855 611 915 ctiam
642 855 789 938 ipse
784 856 992 927 cernit,
1026 856 1129 913 nisi
1163 853 1314 936 apud
1340 874 1393 912 se
1426 852 1646 952 ipsum?
1675 852 1781 911 Sed
1808 853 1919 912 hoc
1939 852 2040 911 mi-

299 966 424 1006 rum
455 966 568 1004 non
609 958 728 1003 est:
758 944 855 1002 ubi
879 944 1025 1002 enim
1055 966 1109 1002 se
1135 955 1400 1014 cerneret,
1423 941 1542 1000 nisi
1565 942 1713 1023 apud
1745 942 2037 1023 seipsum?

302 1033 451 1093 Illud
484 1031 735 1091 mirabile
756 1045 836 1089 est
875 1045 938 1090 ut
977 1030 1127 1111 apud
1158 1053 1212 1088 se
1254 1032 1471 1088 animus
1500 1029 1685 1088 videat
1721 1031 1870 1112 quod
1908 1028 2042 1090 alibi
2125 1097 2128 1100 ,

299 1143 575 1203 nusquam
602 1121 765 1192 vidit,
791 1133 846 1178 et
866 1143 1059 1180 verum
1097 1121 1301 1192 videat,
1330 1133 1384 1178 et
1417 1120 1598 1200 ipsum
1622 1141 1812 1179 verum
1827 1125 2042 1198 justum

294 1212 542 1270 animum
566 1209 771 1279 videat,
789 1222 842 1267 et
873 1210 942 1267 sit
967 1211 1083 1291 ipse
1124 1209 1453 1285 animuffinjet
1483 1229 1596 1267 non
1623 1209 1692 1267 sit
1710 1214 1894 1286 justus
1920 1209 2043 1268 ani-

223 1354 225 1358 .
294 1321 442 1375 muS‚
475 1320 640 1380 quem
671 1298 822 1379 apud
860 1321 913 1357 se
928 1301 1116 1380 ipsum
1144 1298 1310 1358 videt.
1347 1300 1495 1357 Num
1530 1311 1609 1357 est
1632 1298 1766 1358 alius
1806 1299 2040 1371 animm,

293 1395 475 1468 justus
507 1391 564 1447 in
595 1389 779 1447 animo
805 1390 1052 1448 nondum
1072 1393 1263 1467 justo?
1300 1390 1412 1448 Aut
1442 1388 1486 1446 si
1511 1410 1624 1446 non
1647 1402 1747 1462 est,
1776 1410 1938 1471 quem
1965 1387 2050 1447 ibi

294 1479 449 1539 videt
467 1500 596 1537 cum
620 1477 771 1537 videt
799 1492 852 1537 et
893 1479 1032 1538 dicit
1048 1479 1185 1560 quid
1212 1480 1280 1537 sit
1303 1479 1517 1536 animus
1536 1483 1741 1554 justuS,
1782 1501 1883 1538 nee
1913 1477 2050 1537 alibi

294 1589 466 1649 quam
490 1569 549 1626 in
577 1589 631 1626 se
655 1568 777 1648 ipso
791 1568 964 1640 videt,
983 1569 1245 1649 cumipse
1263 1590 1375 1626 non
1396 1568 1466 1625 sit
1492 1567 1705 1626 animus
1723 1571 1942 1644 justus?
1963 1567 2051 1625 An

294 1656 435 1716 illud
457 1657 610 1739 quod
641 1656 825 1729 videt,
866 1657 1063 1716 veritas
1090 1671 1167 1715 est
1196 1657 1421 1714 interior
1460 1676 1701 1736 praesens
1739 1656 1923 1716 animo
1951 1654 2050 1735 qui

293 1766 417 1813 eam
450 1745 595 1804 valet
623 1746 865 1805 intueri?
897 1748 1087 1827 Neque
1125 1767 1312 1804 omnes
1350 1744 1576 1804 valent:
1617 1758 1669 1803 et
1709 1745 1807 1825 qui
1846 1742 2050 1802 intueri

295 1833 505 1905 valent,
539 1834 650 1892 hoc
679 1835 840 1892 etiam
881 1835 1032 1916 quod
1057 1835 1340 1894 intuentur
1380 1855 1493 1891 non
1526 1853 1714 1892 omnes
1742 1845 1871 1892 sunt
1892 1878 1908 1904 ‚
1929 1830 2052 1890 -hoc

299 1936 402 1992 est,
439 1945 552 1980 non
584 1937 711 1981 sunt
745 1925 906 1982 etiam
931 1925 1186 2004 ipsijusti
1216 1923 1405 1994 animi,
1447 1924 1591 1980 sieut
1617 1935 1845 2002 possunt
1868 1919 2052 1980 videre

299 2031 365 2070 ac
387 2010 592 2081 dicere,
615 2010 750 2091 quid
779 2012 847 2069 sit
871 2016 1053 2088 justus
1077 2013 1310 2071 animus⁸
1352 2010 1519 2081 Quod
1543 2010 1689 2069 unde
1719 2032 1828 2069 esse
1857 2021 2051 2090 potue-

298 2113 452 2170 runt,
487 2099 590 2156 nisi
626 2099 951 2157 inhaerendo
985 2099 1158 2158 eidem
1193 2098 1513 2180 ipsis-formae
1548 2120 1715 2179 quam
1740 2099 2047 2170 intuentur,

301 2201 364 2247 ut
395 2187 526 2246 inde
571 2186 882 2246 formentur
910 2202 963 2246 et
993 2189 1102 2247 sint
1123 2189 1260 2266 justi
1293 2188 1495 2261 animi,
1532 2210 1643 2246 non
1683 2201 1898 2264 tantum
1927 2208 2052 2247 cer-

301 2291 490 2336 nentes
513 2291 566 2334 et
591 2275 832 2335 dieentes
847 2283 1063 2353 justum
1089 2299 1198 2335 esse
1225 2277 1467 2335 animum
1500 2276 1599 2356 qui
1625 2275 1848 2334 scientia
1889 2288 2052 2355 atque

302 2367 516 2427 ratione
532 2365 591 2424 in
609 2366 719 2424 vita
740 2388 803 2425 ac
832 2367 1080 2425 moribus
1104 2388 1198 2425 sua
1219 2367 1420 2447 cuique
1441 2365 1745 2438 distribuit,
1773 2364 1867 2423 sed
1887 2365 2054 2423 etiam

308 2471 370 2515 ut
393 2457 497 2538 ipsi
526 2460 667 2532 juste
700 2455 892 2514 vivant
931 2461 1187 2536 justeque
1219 2456 1413 2514 morati
1444 2457 1573 2527 sint,
1606 2476 1702 2513 sua
1723 2455 1924 2535 cuique
1946 2452 2054 2511 dis-

309 2543 632 2611 tribuend0‚
667 2557 730 2602 ut
755 2545 959 2603 nemini
989 2545 1293 2625 quidquam
1323 2544 1580 2615 debeant,
1610 2543 1714 2602 nisi
1741 2556 1802 2601 ut
1818 2542 2055 2602 invicem

311 2633 602 2711 diligant1.
644 2634 713 2691 Et
745 2634 889 2692 unde
919 2634 1224 2693 inhaeretur
1261 2634 1341 2692 illi
1368 2632 1591 2703 formae,
1634 2632 1738 2690 nisi
1772 2630 2051 2690 amando?

314 2724 432 2781 Cur
452 2720 780 2800 ergq-aliu1n
813 2722 1092 2799 diligimus
1116 2745 1279 2803 quem
1309 2722 1833 2797 eredimusjustum,
1862 2733 1916 2778 et
1942 2740 2054 2778 non

314 2812 596 2888 diligimus
624 2811 800 2891 ipsam
824 2811 1059 2870 sormam
1089 2813 1184 2870 ubi
1208 2812 1455 2871 videmus
1485 2810 1621 2891 quid
1645 2812 1714 2869 sit
1733 2815 1915 2887 justus
1932 2809 2057 2868 ani-

313 2922 460 2971 mu8‚
499 2914 561 2958 ut
587 2913 640 2957 et
664 2922 760 2958 nos
776 2900 913 2976 Justi
946 2923 1056 2959 esse
1084 2901 1386 2982 possimus?
1419 2902 1504 2958 An
1534 2922 1660 2959 vero
1684 2901 1788 2958 nisi
1816 2912 1869 2958 et
1895 2898 2056 2957 istam

315 2989 696 3064 diligeremu5‚
750 2989 904 3048 nullo
940 2990 1104 3049 modo
1133 3012 1256 3048 eum
1290 2989 1638 3066 diligeremus
1665 3010 1830 3071 quem
1869 2986 2058 3062 diligi-

316 3098 440 3137 mus
459 3098 519 3134 ex
551 3078 675 3144 ista,
703 3077 793 3134 sed
817 3077 950 3136 dum
971 3080 1103 3156 justi
1135 3101 1244 3138 non
1279 3100 1489 3150 sumuS‚
1516 3079 1697 3138 minus
1727 3099 1843 3138 eam
1873 3075 2056 3152 diligi·

317 3186 442 3227 mus
457 3185 622 3252 quam
643 3177 703 3224 ut
721 3164 861 3241 justi
879 3187 989 3225 esse
1010 3167 1321 3228 valeamus?
1348 3168 1531 3227 nomo
1545 3188 1672 3244 ergo
1695 3165 1792 3247 qui
1814 3163 2058 3224 creditur

389 3269 403 3300 ¹
422 3273 542 3312 Rom.
560 3282 655 3325 xm,
677 3272 717 3311 8.
