2144 3808
315 258 432 327 312
852 275 895 314 s,
949 273 1255 316 Aucusrrm
1299 276 1557 332 Episcori

395 356 577 418 XVII.
632 356 730 416 Ille
758 357 945 439 itaque
977 356 1262 440 deceptor,
1292 362 1388 441 qui
1407 362 1515 422 fuit
1536 362 1754 423 homini
1785 362 2052 423 mediator

318 447 389 507 ad
418 450 681 518 mortem,
718 445 961 526 falsoque
981 467 1036 504 se
1059 450 1293 528 opponit
1316 450 1387 508 ad
1411 452 1580 511 vitam
1604 453 1825 511 nomine
1848 464 2051 533 purga-

317 537 481 596 tionis
512 557 613 617 per
641 556 793 593 sacra
821 547 875 592 et
913 534 1182 594 sacrificia
1230 538 1485 616 sacrilega
1509 587 1525 613 ,
1572 542 1776 623 quibus
1825 539 2053 621 superbi

317 624 816 704 seducuntur,quia
828 645 927 708 nec
935 625 1416 706 participationem
1430 630 1620 687 mortis
1635 643 1837 689 nostrae
1846 616 2056 687 habere

314 715 540 798 potuit,
576 735 679 772 nec
707 713 1164 772 resurrectionem
1195 735 1340 787 suae,
1373 716 1630 798 simplam
1658 717 1885 798 quidem
1904 737 2062 775 suam

315 815 548 862 mortem
571 801 643 860 ad
668 801 900 882 duplam
917 815 1157 861 nostram
1178 804 1364 884 potuit
1395 805 1584 865 afferre
1610 830 1624 865 :
1651 806 1907 887 simplam
1927 825 2058 865 vero

314 891 766 967 :resurrectionem
798 892 858 950 in
879 913 991 972 qua
1015 906 1069 951 et
1098 907 1499 953 sacramentum
1529 910 1665 954 esset
1694 893 2061 956 renovationis

315 997 518 1042 nostrae
536 1030 552 1055 ,
586 995 638 1041 et
670 987 786 1058 ejus
809 1003 936 1063 quae
963 982 1023 1040 in
1052 984 1161 1040 fine
1193 982 1382 1042 futura
1407 998 1487 1043 est
1506 985 1866 1062 evigilationis
1881 1005 2062 1043 exem-

316 1073 479 1153 plum
502 1117 518 1142 ,
552 1092 665 1128 non
688 1071 880 1150 utique
905 1069 1108 1149 potuit.
1152 1070 1253 1128 Ille
1278 1072 1513 1151 proinde
1540 1074 1640 1153 qui
1675 1075 1873 1155 spiritu
1900 1074 2062 1134 vivus

319 1180 543 1219 carnem
566 1179 719 1216 suam
744 1171 1023 1215 mortuam
1042 1159 1404 1232 resuscitavit,
1427 1181 1588 1222 verus
1613 1162 1744 1222 vitae
1766 1161 2058 1234 Mediator,

321 1249 483 1308 illum
513 1248 711 1329 spiritu
740 1261 1025 1306 mortuum
1050 1262 1102 1306 et
1129 1249 1322 1307 mortis
1348 1250 1703 1310 mediatorem
1722 1274 1752 1310 a
1778 1249 2066 1331 spiritibus

322 1340 384 1398 in
412 1360 465 1396 se
491 1337 836 1403 credentium
858 1336 1002 1396 foras
1024 1337 1205 1410 misit,
1228 1352 1291 1397 ut
1315 1360 1429 1397 non
1442 1353 1690 1417 regnaret
1714 1339 2061 1412 intrinsecus,

323 1427 419 1487 sed
453 1426 753 1486 forinsecus
789 1440 1171 1507 oppugnaret,
1217 1449 1332 1512 nec⁴
1351 1441 1537 1487 tamen
1565 1440 1918 1509 expugnaret.
1958 1425 2068 1485 Cui

321 1538 376 1575 se
404 1516 520 1596 ipse
548 1534 771 1596 quoque
804 1515 1126 1574 tentandum
1166 1516 1412 1596 praebuit
1427 1515 1475 1587 1,
1523 1530 1587 1575 ut
1619 1517 1687 1575 ad
1732 1513 2069 1598 superandas

325 1605 491 1664 etiam
520 1605 847 1664 tentationes
873 1609 988 1682 ejus
1016 1604 1287 1663 mediator
1314 1618 1476 1677 esset,
1506 1627 1619 1664 non
1642 1606 1821 1665 solum
1844 1626 1944 1685 per
1973 1601 2069 1660 ad-

319 1694 594 1771 jutorium
618 1740 634 1767 ,
683 1690 1039 1754 verumetiam
1087 1715 1187 1774 per
1220 1694 1549 1775 exemplum.
1598 1696 1672 1754 At
1698 1694 1788 1753 ille
1811 1690 2070 1774 primitus

328 1786 430 1844 ubi
459 1807 560 1867 per
589 1806 775 1844 omnes
809 1784 990 1843 aditus
1015 1783 1084 1843 ad
1116 1784 1375 1843 interiora
1403 1785 1632 1844 moliens
1660 1785 1898 1865 irrepere
1921 1828 1936 1854 ,
1973 1802 2069 1839 ex·-

254 1928 271 1941 „
327 1873 660 1955 pulsusest,
693 1887 820 1954 post
848 1874 1127 1953 baptisma
1150 1872 1210 1931 in
1240 1895 1420 1931 eremo
1453 1873 1732 1954 completa
1767 1869 1918 1930 omni
1942 1881 2072 1928 ten-

328 1963 535 2022 tatione
570 1962 921 2034 illecebrosa,
957 1962 1088 2041 quia
1121 1961 1312 2020 vivum
1352 1962 1549 2041 spiritu
1591 1962 1790 2042 spiritu
1823 1971 2073 2018 mortuus

329 2073 443 2110 non
481 2051 680 2111 invasit
699 2098 715 2123 ,
748 2047 1146 2131 quoquomodo
1178 2049 1373 2109 avidus
1400 2050 1593 2108 mortis
1622 2049 1884 2108 humanae
1927 2068 2069 2105 con-

331 2140 498 2199 vertit
523 2161 576 2198 se
602 2139 672 2198 ad
693 2138 1004 2197 faciendam
1031 2151 1268 2197 mortem
1292 2158 1460 2219 quam
1496 2139 1682 2220 potuit
1703 2186 1718 2211 ,
1754 2151 1807 2196 et
1834 2135 2074 2218 permis·-

331 2250 422 2287 sus
451 2241 530 2286 est
551 2228 611 2286 in
630 2226 770 2286 illud
794 2226 952 2308 quod
974 2248 1033 2284 ex
1057 2226 1221 2284 nobis
1246 2225 1475 2284 mortale
1495 2228 1654 2287 vivus
1674 2224 1958 2285 Mediator
1987 2244 2076 2281 ac-

336 2330 573 2398 ceperat.
613 2317 683 2375 Et
713 2315 813 2374 ubi
841 2315 1028 2397 potuit
1055 2314 1266 2396 aliquid
1301 2315 1514 2397 facere,
1547 2315 1630 2374 ibi
1662 2335 1724 2374 ex
1754 2313 1903 2373 omni
1919 2324 2077 2393 parte

333 2403 583 2489 devictus
611 2418 723 2473 est;
756 2417 811 2462 et
840 2403 985 2462 unde
1012 2404 1226 2484 accepit
1256 2404 1486 2463 exterius
1512 2415 1841 2485 potestatem
1874 2399 2078 2459 Domi-

332 2495 477 2560 nicae
507 2495 688 2553 carnis
725 2492 1079 2566 occidendae,
1125 2492 1255 2552 inde
1300 2494 1530 2552 interior
1557 2498 1672 2570 ejus
1703 2503 1940 2572 potestas
1967 2508 2079 2570 qua

335 2606 435 2643 nos
470 2583 694 2642 tenebat
722 2583 902 2663 occisa
929 2595 1025 2643 est.
1069 2583 1302 2642 Factum
1330 2595 1410 2641 est
1432 2582 1578 2641 enim
1600 2594 1662 2640 ut
1695 2578 1918 2640 vincula
1937 2598 2079 2659 pec-

337 2687 588 2739 catorum
623 2672 927 2731 multorum
954 2672 1013 2730 in
1050 2671 1239 2731 multis
1263 2671 1563 2743 morulam,
1595 2691 1696 2751 per
1723 2668 1886 2729 unius
1911 2687 2081 2726 unam

339 2775 574 2821 mortem
594 2783 761 2844 quam
775 2773 1069 2842 peccatum
1091 2759 1310 2820 nullum
1325 2772 1699 2842 praecesserat,
1717 2756 2074 2817 solverentur.

342 2850 527 2922 Quam
550 2848 844 2932 propterea
872 2849 1146 2908 Dominus
1167 2871 1272 2930 pro
1293 2849 1454 2907 nobis
1472 2842 2074 2928 indebitamsreddidit,

342 2951 407 2996 ut
429 2939 590 2997 nobis
621 2938 810 2997 debita
832 2959 947 2998 non
968 2952 1208 2998 noceret.
1234 2938 1425 3018 Neque
1446 2937 1591 2997 enim
1609 2940 1735 3012 jure
1751 2937 2080 3014 cujusquam

339 3027 626 3108 potestatis
658 3041 847 3086 exutus
884 3039 963 3085 est
997 3047 1188 3098 carne,
1221 3025 1309 3084 sed
1342 3026 1459 3107 ipse
1495 3046 1550 3084 se
1586 3023 1751 3082 exuit.
1809 3021 1955 3082 Nam
1982 3018 2082 3099 qui

338 3129 520 3197 posset
540 3138 653 3175 non
681 3117 820 3175 mori
845 3117 887 3175 si
908 3116 1107 3190 nollet,
1131 3116 1331 3197 procul
1354 3115 1529 3180 dubio
1543 3162 1559 3189 ,
1594 3114 1725 3198 quia
1744 3109 1921 3175 voluit
1935 3129 2080 3168 mor-

402 3220 416 3251 ¹
441 3221 591 3266 Mauh.
619 3235 674 3272 xv,
702 3237 740 3263 1.
