2144 3808
304 294 341 352 8
834 309 877 346 S.
932 307 1239 348 AUGUSTINI
1282 311 1537 358 EPISCOPI

301 392 395 452 sed
412 391 458 450 si
481 412 566 450 me
589 412 700 450 non
720 390 862 450 fallit
884 390 1034 471 quod
1059 389 1270 462 audivi,
1292 393 1462 469 magis
1486 393 1756 475 Spiritum
1778 410 2029 458 sanctum

301 502 402 562 per
422 479 708 539 Christum
730 479 1040 538 illuminare
1068 478 1266 539 dixisti.

385 570 532 629 MAx.
570 567 860 650 respondit
893 591 906 625 ε
943 569 1112 626 «Non
1139 567 1295 627 decet
1345 568 1403 627 in
1435 570 1690 649 religione
1711 620 1727 645 ,
1767 588 2034 655 praeterea

302 680 429 718 cum
459 657 528 717 de
558 660 675 716 Deo
707 657 1024 738 loquamur,
1054 656 1387 716 calumniam
1419 659 1634 720 inferre.
1673 663 1789 738 Ego
1831 677 1886 721 et
1917 685 2036 722 res-

301 768 539 830 ponsum
561 746 713 819 dedi,
739 760 792 805 et
820 747 996 805 sinon
1015 745 1293 805 sufficiunt
1320 768 1448 828 quae
1473 747 1709 808 diximus
1725 796 1740 821 ,
1775 749 2035 811 addimus

303 834 645 907 testimonia,
688 836 818 916 quia
851 857 951 916 per
985 835 1173 893 Jesum
1219 835 1503 894 Christum
1542 836 1782 918 Spiritus
1820 853 2040 900 sanctus

263 992 269 998 ‚
307 925 504 983 effusus
523 936 601 982 est
628 923 688 981 in
715 945 900 981 omnes
930 922 1227 983 credentes,
1277 923 1368 983 Sic
1388 925 1533 983 enim
1560 924 1789 1003 legimus
1815 927 2040 987 beatum

306 1013 532 1071 Petrum
562 1011 794 1071 dixisse:
830 1038 856 1065 c<
885 1011 1051 1070 Hunc
1094 1014 1281 1070 Jesum
1327 1013 1607 1074 suscitavit
1645 1015 1792 1074 Deus
1817 1062 1832 1088 ,
1885 1021 2043 1094 cujus

308 1126 338 1155 >>
361 1122 461 1160 nos
489 1121 675 1159 omnes
693 1113 850 1160 testes
878 1121 1063 1160 sumus
1079 1100 1121 1161 1.
1160 1103 1389 1160 Dextera
1417 1102 1603 1184 itaque
1626 1103 1727 1161 Dei
1747 1102 2039 1176 exaltatuS,

311 1203 365 1249 et
395 1189 752 1272 promissione
779 1190 1019 1271 Spiritus
1035 1190 1208 1249 sancti
1234 1205 1459 1272 accepta
1482 1214 1512 1250 a
1530 1193 1691 1251 Patre
1711 1192 1907 1251 effudit
1933 1191 2046 1252 hoc

314 1280 525 1339 donum
535 1279 689 1362 quod
707 1302 855 1340 nunc
879 1302 974 1340 vos
989 1294 1042 1339 et
1059 1280 1257 1340 videtis
1278 1294 1331 1339 et
1353 1281 1569 1342 auditis,
1582 1282 1706 1342 Dixi
1729 1283 1873 1341 enim
1894 1281 2048 1365 quod

315 1370 501 1428 omnia
539 1390 908 1450 quaecumque
945 1371 1183 1447 suggerit
1223 1370 1384 1428 nobis
1438 1371 1676 1451 Spiritus
1719 1385 1976 1444 sanctUS,
2018 1393 2050 1431 a

319 1458 544 1516 Christo
565 1471 889 1517 consecutus
912 1458 999 1517 sit.
1025 1459 1268 1516 Recurre
1287 1457 1354 1517 ad
1378 1459 1684 1520 testimonia
1701 1473 1824 1518 ante
1843 1459 1975 1533 lata,
1996 1473 2051 1519 et

320 1546 560 1606 invenies
587 1546 732 1606 ita.»
1557 1603 1563 1612 ,

401 1637 559 1697 VIII.
619 1638 764 1696 AUG.
803 1634 940 1694 dixit
964 1657 977 1692 ε
1006 1636 1151 1694 Cum
1181 1635 1262 1694 vis
1288 1636 1476 1694 conari
1497 1637 1736 1717 probare
1763 1637 1915 1721 quod
1936 1638 2052 1720 ipse

320 1748 435 1786 non
463 1748 629 1804 nego,
654 1725 713 1784 in
738 1725 903 1784 rebus
930 1724 1222 1806 superfluis
1249 1726 1609 1784 necessarium
1635 1739 1852 1808 tempus
1881 1727 2053 1786 absu-

322 1816 444 1876 mis,
487 1817 600 1893 Ego
635 1837 747 1874 non
785 1836 921 1892 nego
949 1836 1050 1896 per
1079 1814 1368 1872 Christum
1401 1813 1663 1874 diffusum
1702 1814 1864 1874 fuisse
1893 1836 2057 1898 super

327 1905 606 1966 credentes
636 1904 905 1986 Spiritum
934 1916 1202 1963 sanctum.
1249 1904 1376 1963 Sine
1405 1925 1570 1963 causa
1598 1904 1709 1963 hoc
1751 1927 1852 1986 per
1880 1918 2058 1963 tantas

326 2016 508 2054 moras
532 1993 855 2052 testimoniis
885 1994 1123 2075 probare
1158 1992 1379 2051 voluisti
1397 2039 1413 2065 ,
1441 1992 1591 2074 quod
1619 1993 1736 2074 ipse
1767 1994 2049 2066 confiteor.

332 2086 449 2161 Ego
475 2084 586 2142 hoc
618 2082 757 2155 dixi,
801 2082 912 2141 hoc
954 2082 1225 2164 quaesivi,
1267 2081 1379 2140 hoc
1410 2081 1606 2141 iterum
1649 2082 1774 2141 dico
1813 2105 1827 2140 ε
1870 2095 2059 2141 utrum

334 2173 587 2232 Christus
635 2194 736 2253 per
773 2171 1044 2252 Spiritum
1094 2184 1344 2230 sanctum
1387 2170 1700 2241 illuminet,
1728 2193 1796 2230 an
1822 2171 2061 2252 Spiritus

333 2275 550 2322 sanctus
574 2284 674 2343 per
692 2261 979 2320 Christum
1005 2261 1278 2319 illuminet
1307 2284 1321 2318 ε
1346 2260 1479 2342 quia«
1498 2260 1675 2319 dixisti
1697 2261 1945 2341 superius
1962 2281 2062 2342 per

334 2352 620 2411 Christum
655 2350 964 2409 illuminare
999 2349 1270 2431 Spiritum
1313 2362 1579 2409 sanctum.
1639 2349 1694 2410 Si
1742 2363 1922 2408 autem
1951 2371 2063 2408 non

334 2441 560 2512 recoliS‚
594 2436 892 2498 recitentur
920 2439 1089 2497 verba
1124 2452 1218 2497 tua
1251 2439 1310 2496 in
1350 2438 1525 2496 Gestis
1550 2485 1564 2510 ,
1600 2451 1663 2496 ut
1702 2451 1965 2519 appareat
2002 2458 2064 2496 ea

335 2551 433 2588 nos
450 2529 667 2607 jussisse
691 2527 943 2599 recitari,
972 2541 1026 2586 et
1050 2528 1307 2608 probabo
1341 2540 1391 2585 te
1420 2526 1610 2586 dixisse
1631 2526 1781 2607 quod
1795 2547 2007 2608 quaero.

420 2621 568 2679 ΜΑΧ.
601 2617 888 2699 respondit
933 2639 946 2674 :
993 2617 1303 2675 «Probatio
1336 2628 1452 2674 erat
1484 2615 1814 2686 necessaria,
1863 2615 1908 2673 si
1951 2636 2065 2674 non

335 2709 453 2790 ipse
500 2707 844 2788 temetipsum
889 2705 1174 2786 placasses.
1229 2705 1356 2762 Jam
1390 2703 1534 2762 enim
1564 2715 1890 2783 prosecutus
1928 2724 1983 2762 es
2005 2704 2066 2763 in

336 2796 658 2855 testimoniis
681 2817 809 2875 quae
835 2794 1074 2876 protuli,
1102 2793 1190 2853 vel
1218 2793 1277 2851 in
1304 2794 1511 2851 ratione
1534 2814 1701 2873 quam
1727 2791 1882 2865 dedi,
1914 2792 2068 2876 quod

339 2899 394 2945 et
416 2887 532 2967 ipse
554 2885 630 2943 sic
655 2885 876 2944 habeas,
911 2885 1055 2943 Cum
1084 2883 1238 2942 finita
1265 2883 1335 2941 sit
1363 2904 1489 2959 ergo
1518 2882 1620 2941 ista
1647 2883 1878 2963 quaestio
1897 2930 1912 2955 ,
1941 2904 2070 2965 pro-

335 2995 484 3056 pone
511 2974 674 3050 aliam
705 2971 774 3031 ad
801 2993 968 3053 quam
998 2972 1103 3030 tibi
1124 2971 1501 3053 respondeam.
1542 2972 1681 3029 Nam
1709 2970 1980 3051 professus
2014 2993 2069 3032 es

331 3069 448 3141 jam
477 3062 535 3121 in
557 3060 856 3143 quaestione
876 3061 978 3119 ista
998 3060 1334 3119 satisfactum
1358 3059 1463 3118 tibi
1488 3058 1669 3119 fuisse.
1697 3087 1722 3113 »

422 3153 520 3211 IX.
567 3152 711 3211 Aua.
750 3149 887 3209 dixit
914 3172 928 3208 ε
959 3150 1150 3210 Dixisti
1173 3150 1444 3232 Spiritum
1472 3162 1723 3210 sanctum
1750 3170 1850 3231 per
1871 3149 2071 3212 Chris-

403 3255 416 3290 ί
440 3257 532 3298 Act.
558 3269 607 3304 11,
632 3257 700 3296 32.
