2144 3808
0 2716 2 2856 ῐ

375 319 596 361 com-M
640 316 977 358 nummum
1022 314 1302 367 Ammon,
1352 317 1463 358 mn.
1517 320 1581 359 11.
1749 301 1859 383 ¹59

134 402 387 480 gloriam,
413 423 512 483 per
540 399 691 459 unici
719 397 844 457 Filii
873 396 1260 458 contumeliam
1293 399 1598 478 pervenire,
1628 415 1690 460 ut
1709 402 1861 461 scili-

135 506 223 551 cet
249 514 359 551 non
384 503 642 567 augeatur
672 490 834 547 Pater
861 489 919 547 in
943 488 1136 565 gloria,
1168 487 1271 544 nisi
1300 488 1581 546 minuatur
1611 486 1775 549 Filius
1803 493 1863 550 in

134 594 348 639 natura.
393 578 609 637 Cohibe
637 591 690 636 te
718 575 944 636 :‘nescis
968 591 1022 636 et
1062 577 1216 634 Patri
1242 589 1295 634 et
1343 576 1480 635 Filio
1527 591 1580 636 te
1625 578 1863 655 ingerere

137 667 547 740 contumeliam,
578 667 621 726 si
640 688 740 725 nec
768 666 858 725 ille
891 667 1067 748 potuit
1102 678 1195 723 aut
1218 665 1396 723 noluit
1426 667 1642 743 gignere
1671 689 1864 748 aequa-

136 757 243 816 lem
272 758 399 831 sibi,
434 779 534 827 nec
563 758 662 816 iste
687 757 838 816 nasci
878 756 1102 838 aequalis
1139 754 1308 814 Patri.
1348 757 1475 814 Non
1502 778 1555 815 se
1576 757 1695 816 vult
1723 759 1865 816 Deus

138 847 214 904 ita
234 845 445 905 laudari
465 848 718 915 Patrem3
744 859 806 905 ut
831 845 1030 903 Filium
1056 844 1272 902 dicatur
1292 843 1359 902 de
1371 866 1425 903 se
1448 845 1567 925 ipso
1593 867 1867 924 generasse

141 934 480 1011 degenerem.
533 936 657 993 Non
685 935 807 994 vult
847 935 1026 993 honus
1054 932 1178 992 Filii
1215 932 1446 992 dilector
1473 934 1549 993 ita
1576 934 1871 1016 praedicari

136 1023 370 1083 formam
393 1044 568 1095 suam,
606 1036 668 1081 ut
689 1045 807 1081 eam
830 1045 941 1081 non
964 1022 1205 1105 potuerit
1238 1023 1433 1081 unicus
1469 1027 1582 1099 ejus
1609 1024 1696 1083 vel
1737 1046 1867 1082 nas-

142 1111 317 1171 cendo
357 1133 589 1182 sumere,
616 1111 702 1170 vel
724 1110 1017 1170 crescendo
1044 1111 1526 1192 comprehendere.
1561 1113 1728 1187 Quod
1768 1135 1871 1172 au·-

144 1214 251 1259 tem
267 1201 371 1260 tibi
386 1201 603 1260 videtur
622 1200 766 1259 nihil
784 1222 1040 1277 magnum
1059 1200 1127 1259 de
1154 1200 1266 1257 Deo
1284 1202 1447 1259 Patre
1472 1200 1605 1274 dici,
1639 1203 1681 1260 si
1698 1201 1873 1261 forma

112 1309 113 1312 ’
146 1290 468 1366 servimajor
488 1304 566 1348 est
583 1315 598 1357 ς
620 1311 731 1370 qua
746 1294 976 1366 majores
999 1290 1258 1349 videntur
1273 1303 1325 1349 et
1344 1291 1537 1367 Angeli
1562 1314 1576 1349 t
1600 1314 1710 1350 non
1729 1305 1872 1350 recte

147 1378 351 1454 cogitas
369 1399 534 1460 quem
558 1378 743 1436 locum
761 1378 818 1435 in
835 1378 997 1436 rebus
1020 1377 1227 1436 habeat
1249 1378 1492 1437 humana
1513 1394 1730 1452 natura,
1749 1401 1876 1463 quae

150 1467 376 1525 condita
398 1481 476 1526 est
495 1467 564 1526 ad
586 1467 883 1544 imaginem
906 1467 1023 1526 Dei.
1054 1468 1286 1543 Majores
1309 1468 1498 1544 Angeli
1522 1469 1633 1528 dici
1650 1483 1879 1551 possunt

149 1554 397 1628 homine,
418 1556 547 1638 quia
565 1560 793 1632 majores
814 1568 940 1613 sunt
962 1555 1203 1613 hominis
1218 1577 1448 1637 corpore
1476 1579 1489 1614 ε
1515 1563 1744 1636 majores
1755 1571 1882 1617 sunt

151 1656 205 1724 et
233 1644 447 1723 anim0,
461 1644 555 1703 sed
577 1645 635 1703 in
658 1643 833 1702 forma
847 1665 1013 1726 quam
1031 1643 1247 1725 peccati
1259 1640 1536 1720 originalis
1560 1647 1752 1705 merito
1766 1669 1885 1705 cor-

151 1731 419 1812 ruptibile
440 1746 695 1810 aggravat
724 1753 942 1813 corpus,
980 1733 1188 1790 Natura
1212 1753 1341 1815 vero
1375 1733 1642 1805 humana,
1667 1735 1885 1816 qualem

153 1825 408 1878 naturam
447 1821 700 1880 Christus
719 1820 980 1878 humanae
1000 1819 1198 1877 mentis
1226 1822 1547 1901 assumpsit,
1580 1843 1707 1903 quae
1734 1823 1887 1881 nullo

155 1921 385 1988 peccato
420 1910 606 1990 potuit
635 1909 946 1989 depravari,
976 1907 1120 1966 solus
1145 1913 1320 1985 major
1332 1922 1410 1967 est
1439 1911 1601 1970 Deus,
1643 1912 1889 1992 Denique

156 2004 387 2078 Propter
405 1998 541 2079 quid
569 1997 779 2057 dictum
803 1997 910 2055 sit.
946 2023 972 2051 ((
1005 1997 1291 2055 Minorasti
1321 2018 1443 2055 eum
1467 1995 1688 2057 modico
1709 2000 1891 2058 minus

161 2110 187 2136 »
210 2106 378 2165 quam
394 2085 702 2164 Angelosfft.
722 2113 746 2140 »
766 2085 981 2167 aperuit
1007 2085 1317 2165 Scriptura,
1345 2081 1674 2162 ubilegitur‚
1703 2114 1729 2140 <‹
1746 2090 1891 2146 Eum

161 2199 188 2227 >³
221 2187 402 2233 autem
417 2176 636 2234 modico
659 2176 839 2234 minus
860 2195 1025 2256 quam
1051 2173 1282 2250 Angelos
1305 2174 1637 2238 minoratum
1654 2177 1890 2237 vidimus

163 2289 191 2316 >2
220 2263 406 2323 Jesum
437 2278 666 2346 propter
692 2265 997 2346 passionem
1021 2262 1284 2321 mortis-⁴².
1302 2289 1329 2315 2>
1364 2263 1488 2321 Non
1517 2285 1643 2341 ergo
1666 2279 1896 2350 propter

163 2364 416 2411 naturam
440 2354 703 2425 hominiS,
733 2353 825 2412 sed
856 2365 1086 2434 propter
1106 2351 1412 2433 passionem
1439 2355 1644 2414 mortis,
1693 2355 1899 2414 Natura

165 2461 293 2499 vero
325 2441 586 2512 hominis,
609 2463 735 2524 quae
762 2454 941 2499 mente
965 2439 1217 2499 rationali
1234 2453 1287 2498 et
1309 2438 1661 2503 intellectuali
1680 2458 1901 2502 creatu-

166 2549 253 2586 ras
283 2543 503 2590 caeteras
541 2530 842 2603 antecedit,
877 2531 1023 2588 Deus
1053 2528 1195 2588 solus
1230 2541 1307 2587 est
1335 2534 1510 2606 major
1536 2553 1550 2588 ε
1589 2533 1681 2591 cui
1711 2532 1900 2614 utique

169 2617 368 2694 injuria
389 2617 534 2678 facta
553 2641 665 2678 non
681 2631 780 2690 est,
807 2618 908 2676 ubi
941 2619 1208 2698 scriptum
1230 2630 1307 2675 est
1334 2639 1347 2674 ε
1384 2644 1410 2671 c<
1445 2620 1622 2695 Maior
1649 2633 1727 2678 est
1758 2621 1904 2678 Deus

174 2735 200 2761 ›>
225 2708 390 2766 corde
412 2708 648 2774 nostr03.
669 2735 696 2763 »
726 2707 893 2768 Filius
921 2729 1048 2785 ergo
1080 2707 1179 2765 Dei
1201 2721 1515 2789 susceptum
1536 2709 1816 2774 hominem
1830 2710 1913 2768 le*

174 2809 399 2856 vaturus
430 2797 500 2857 ad
522 2800 740 2857 Patrem
767 2797 993 2879 quando
1024 2797 1284 2855 dicebat.
1315 2824 1341 2851 α
1373 2798 1431 2856 Si
1461 2797 1753 2875 diligeretis
1784 2822 1901 2872 me,

178 2912 204 2938 »
235 2885 538 2961 gauderetis
582 2887 809 2967 utique,
836 2886 966 2968 quia
1005 2885 1149 2945 vado
1196 2885 1266 2944 ad
1294 2875 1543 2959 Patrem,
1587 2888 1716 2968 quia
1748 2847 1908 2955 Pate}

178 2999 205 3026 »
234 2978 409 3050 major
425 2996 511 3032 me
524 2973 674 3032 est-'⁴-
661 3016 675 3031 .
710 3002 735 3028 >>
759 2996 870 3032 11011
888 2974 1039 3032 carni
1070 2995 1180 3032 suae
1202 2973 1399 3046 solum,
1426 2974 1517 3033 sed
1536 2975 1698 3035 etiam
1715 2978 1906 3049 menti,

181 3082 347 3142 quam
363 3063 605 3142 gerebat,
625 3062 889 3122 humanae
903 3067 1083 3124 Deum
1106 3068 1323 3124 Patrem
1338 3064 1526 3147 utique
1543 3065 1908 3147 praeferebat:

243 3186 258 3215 ¹
291 3186 396 3230 Psal.
433 3202 530 3244 vm,
565 3191 607 3231 6.
632 3212 688 3221 —
715 3186 736 3217 2
765 3187 894 3232 Hebr.
928 3203 976 3240 11,
1016 3204 1057 3244 9.
1087 3211 1146 3221 —
1177 3186 1198 3241 3
1244 3204 1261 3230 1
1299 3193 1421 3235 Joan.
1465 3204 1543 3242 11¹,
1582 3204 1650 3234 20.
1676 3214 1731 3222 —
1753 3187 1771 3219 ⁴
1792 3194 1915 3238 Joan.

190 3265 261 3293 xxv
279 3282 291 3304 ‚
314 3254 385 3297 28.
