2144 3808
302 315 423 388 468
840 336 887 375 s,
937 335 1245 376 Anous‘rim
1288 333 1546 374 Emscom

301 438 438 499 quas
466 417 512 476 si
539 416 744 476 oblitus
765 438 932 477 essem
955 464 970 489 ,
1006 417 1144 498 quid
1165 418 1368 488 diceret
1391 417 1617 475 omnino
1650 417 1912 477 nescirem
1933 461 1965 492 ,-
1987 432 2042 477 et
2062 488 2063 491 Ἴ

301 506 425 564 ideo
459 506 825 564 narrationem
849 506 1000 564 illam
1030 507 1266 582 cogitare
1305 526 1417 563 non
1446 526 1676 585 possem.
1726 506 1809 564 Ita
1839 507 1901 564 fit
1922 551 1938 578 ,
1981 519 2043 565 ut

302 585 478 651 omnis
507 595 605 674 qui
633 594 943 674 corporalia
965 595 1198 670 cogitat,
1226 594 1335 653 sive
1363 594 1479 673 ipse
1511 593 1720 673 aliquid
1740 595 2037 669 confingat,

303 683 414 740 sive
431 682 620 740 audiat
638 728 653 752 ,
683 694 778 739 aut
797 681 939 758 legat
959 729 973 754 ,
996 682 1082 742 vel
1098 682 1377 762 praeterita
1394 694 1702 739 narrantem
1719 727 1734 751 ,
1754 681 1840 740 vel
1859 681 2043 740 futura

300 771 767 849 praenuntiantem
788 818 804 843 ,
833 772 902 830 ad
926 772 1240 830 memoriam
1267 793 1420 840 suam
1452 784 1732 841 recurrat,
1766 783 1820 827 et
1844 771 1925 828 ibi
1955 793 2044 829 re-

300 857 480 936 periat
515 857 743 915 modum
772 872 935 938 atque
963 857 1272 918 mensuram
1303 859 1551 916 omnium
1576 857 1878 915 formarum
1909 880 2043 948 quas

301 945 547 1021 cogitans
583 945 844 1023 intuetur.
894 946 1035 1005 Nam
1073 968 1249 1026 neque
1291 946 1528 1004 colorem
1559 967 1723 1025 quem
1758 967 2042 1027 nunquam

296 1031 465 1103 vidit,
499 1053 676 1110 neque
696 1034 926 1106 figuram
944 1035 1192 1112 corporis
1209 1079 1222 1103 ,
1245 1055 1346 1090 nec
1367 1054 1741 1111 sonumquem
1758 1055 2041 1114 nunquam

298 1119 537 1189 audivit,
569 1139 670 1176 nec
698 1140 948 1198 saporem
972 1142 1135 1201 quem
1158 1142 1444 1201 nunquam
1466 1121 1732 1196 gustavit,
1774 1143 1874 1179 nec
1911 1122 2043 1180 odo-

298 1225 411 1263 rem
453 1224 619 1285 quem
659 1227 947 1287 nunquam
979 1206 1194 1279 olfecit,
1228 1229 1331 1267 nec
1361 1208 1528 1265 ullam
1561 1209 2043 1267 contrectationem

303 1293 550 1371 corporis
584 1314 750 1372 quam
785 1313 1070 1375 nunquam
1108 1296 1301 1367 sensit,
1335 1308 1516 1375 potest
1574 1296 1862 1376 quisquam
1919 1318 2043 1354 om-

297 1379 429 1436 nino
455 1380 709 1456 cogitare.
743 1383 813 1439 At
834 1383 875 1439 si
898 1396 1189 1462 propterea
1214 1405 1374 1440 nemo
1402 1383 1611 1463 aliquid
1639 1383 1921 1462 corporale
1945 1405 2044 1441 co-

300 1466 438 1542 gitat
451 1468 553 1525 nisi
565 1469 715 1548 quod
731 1469 923 1542 sensit,
947 1470 1077 1549 quia
1096 1491 1256 1528 nemo
1274 1470 1820 1549 meminitcorporale
1836 1471 2044 1550 aliquid

295 1554 399 1612 nisi
429 1555 580 1635 quod
602 1556 792 1628 sensit,
821 1557 964 1615 sicut
983 1558 1041 1615 in
1066 1559 1394 1638 corporibus
1414 1558 1710 1627 sentiendi,
1735 1558 1811 1616 sic
1837 1559 1896 1616 in
1923 1581 2042 1617 me-

293 1643 466 1701 moria
495 1657 572 1702 est
599 1644 878 1720 cogitandi
908 1646 1122 1706 modus,
1165 1648 1365 1705 Sensus
1394 1647 1541 1704 enim
1571 1647 1777 1727 accipit
1805 1647 2043 1727 speciem

302 1729 372 1786 ab
391 1751 456 1787 eo
476 1752 707 1811 corpore
731 1734 882 1813 quod
914 1735 1173 1793 sentimus
1193 1782 1207 1807 ‚
1236 1748 1290 1793 et
1313 1758 1342 1793 a
1365 1757 1521 1793 sensu
1543 1734 1806 1792 memoria
1826 1781 1839 1806 ,
1873 1757 1900 1793 a
1927 1757 2043 1792 me—

293 1837 466 1875 mona
485 1841 613 1878 vero
644 1841 781 1878 acles
806 1823 1113 1898 cogitantis,

375 1906 495 1965 XV.
532 1907 796 1966 Voluntas
821 1932 989 1989 porro
1008 1912 1151 1970 sicut
1169 1911 1424 1987 adjungit
1446 1933 1658 1970 sensum
1687 1911 1942 1991 corpori,
1967 1911 2043 1969 sic

294 1993 614 2052 memoriam
642 1998 850 2068 sensui,
901 1999 978 2056 sic
1018 2000 1306 2074 cogitantis
1344 2000 1518 2057 aciem
1559 2000 1854 2058 memoriae.
1902 1999 2045 2071 Quae
2092 2053 2112 2065 χ

294 2093 474 2138 autem
502 2081 762 2140 conciliat
781 2082 884 2140 ista
911 2098 1074 2165 atque
1093 2087 1379 2161 conjungit
1404 2133 1419 2158 ,
1447 2087 1568 2166 ipsa
1591 2086 1755 2144 etiam
1779 2085 2043 2161 disjungit

295 2187 358 2225 ac
387 2181 630 2247 separat,
656 2169 715 2227 id
739 2183 818 2228 est
841 2217 856 2242 ‚
891 2172 1158 2233 voluntas,
1197 2173 1306 2231 Sed
1332 2196 1362 2232 a
1389 2173 1682 2232 sentiendis
1714 2174 2042 2253 corporibus

295 2268 452 2313 motu
471 2255 716 2335 corporis
742 2273 957 2337 separat
979 2261 1224 2341 corporis
1248 2281 1431 2319 sensus
1453 2308 1467 2332 ‚
1501 2282 1569 2318 ne
1595 2260 1809 2340 aliquid
1839 2282 1929 2317 sen
1939 2260 2042 2318 tia-

296 2363 419 2400 mus
441 2388 456 2414 ,
487 2357 582 2400 aut
611 2358 673 2401 ut
702 2347 898 2405 sentire
926 2348 1235 2408 desinamus
1259 2371 1272 2405 ε
1305 2349 1474 2408 veluti
1505 2371 1632 2408 cum
1669 2347 1856 2406 oculos
1889 2349 1958 2406 ab
1978 2369 2041 2406 eo

297 2430 450 2509 quod
463 2430 647 2489 videre
663 2432 919 2494 nolumus
940 2482 954 2507 ,
977 2437 1268 2495 avertimus
1283 2483 1296 2507 ,
1319 2436 1404 2495 vel
1426 2436 1762 2496 claudimus:
1790 2436 1867 2494 sic
1891 2456 2042 2493 aures

301 2539 332 2573 a
351 2518 492 2575 sonis
513 2564 528 2589 ‚
558 2519 635 2577 sic
656 2541 809 2579 nares
831 2523 902 2581 ab
923 2524 1202 2584 odoribus
1238 2526 1323 2582 Ita
1348 2525 1511 2583 etiam
1528 2525 1614 2585 vel
1633 2546 1690 2583 os
1708 2523 2036 2595 claudend0,

298 2604 387 2663 vel
417 2604 627 2684 aliquid
654 2627 715 2664 ex
743 2629 834 2666 ore
866 2612 1173 2692 respuendo
1207 2635 1236 2670 a
1267 2614 1920 2693 saporibus‘aversamur.
1972 2613 2040 2669 In

299 2704 454 2749 tactu
479 2713 699 2773 quoque
720 2697 805 2755 vel
835 2700 1212 2759 subtrahimus
1241 2722 1442 2781 corpus
1480 2724 1547 2759 ne
1577 2714 1862 2776 tangamus
1890 2700 2041 2780 quod

301 2778 588 2852 nolumuS‚
618 2782 705 2840 vel
725 2783 768 2841 si
797 2789 915 2860 jam
947 2789 1303 2863 tangebamus
1322 2835 1336 2859 ‚
1372 2789 1661 2864 abjicimus
1691 2800 1782 2845 aut
1815 2787 2039 2867 repelli-

302 2887 443 2926 mus,
482 2869 567 2924 Ita
594 2883 749 2929 motu
772 2875 1018 2954 corporis
1051 2878 1160 2951 agit
1187 2876 1440 2937 voluntas
1460 2923 1475 2948 ,
1503 2898 1570 2934 ne
1593 2897 1774 2934 sensus
1796 2875 2040 2955 corporis

302 2953 471 3010 rebus
498 2956 847 3017 sensibilibus
874 2963 1183 3042 copuletur.
1233 2965 1304 3023 Et
1346 2965 1457 3039 agit
1494 2965 1604 3023 boc
1631 2976 1900 3043 quantum
1927 2983 2038 3042 po-

301 3053 456 3135 pest:
482 3063 610 3099 nam
634 3066 761 3102 cum
785 3048 842 3104 in
867 3050 974 3108 hac
999 3052 1212 3110 actione
1231 3066 1460 3133 propter
1483 3053 1852 3111 conditionem
1873 3050 2039 3110 servi-

299 3123 366 3182 hs
395 3128 735 3188 mortalitatis
763 3132 1148 3196 difficultatem
1179 3143 1411 3221 patitur,
1437 3142 1713 3200 cruciatus
1744 3153 1821 3198 est
1844 3160 2037 3197 conse-

303 3231 503 3293 quenS,
537 3228 600 3276 ut
638 3217 908 3281 voluntati
950 3224 1090 3286 nihil
1131 3229 1326 3310 reliqui
1375 3232 1472 3291 fiat
1491 3276 1507 3303 ,
1565 3229 1668 3290 nisi
1721 3227 2028 3289 tolerantia.
