2144 3808
345 316 423 376 50
864 329 910 370 s.
961 326 1270 371 mensum
1311 328 1568 371 muscum

344 437 488 476 unus
516 417 663 477 Deus
684 411 950 473 dicendus
978 426 1058 471 est
1083 460 1098 484 ‚
1133 418 1291 489 cujus
1314 414 1484 473 Filius
1508 415 1763 475 Christus
1789 433 1971 479 noster
1992 435 2071 481 est

347 510 513 568 Deus.
548 507 581 571 J
588 503 784 564 udaico
807 523 956 560 more
986 502 1223 561 hortaris
1247 525 1344 562 nos
1373 506 1623 584 profiteri
1654 527 1824 565 unum
1853 510 2068 569 Deum?

349 597 436 655 An
469 595 536 654 de
566 591 904 669 subjectione
947 590 1069 648 Filii
1115 591 1302 671 potius
1324 637 1340 663 ‚
1389 594 1690 653 secundum
1721 596 1871 676 quod
1904 598 2076 657 habet

349 683 484 743 fides
506 680 803 742 christiana
820 725 835 750 ‚
863 678 1168 736 ostenditur
1190 700 1332 738 unus
1356 701 1464 738 esse
1497 683 1643 740 Deus
1663 729 1678 754 ,
1715 690 1871 761 cujus
1909 687 2076 746 Filius

346 786 531 833 noster
556 783 635 829 est
663 771 810 827 Deus
829 812 845 838 ,
879 780 942 824 ut
971 766 1245 827 diximus?
1276 769 1417 827 Nam
1450 770 1581 850 quia
1606 772 1768 830 Pater
1814 787 1868 831 et
1908 774 2078 834 Filius

347 885 462 923 non
490 874 570 920 est
588 879 752 929 unuS,
777 855 863 916 vel
888 856 1065 920 Paulo
1090 856 1251 916 crede
1273 856 1510 931 dicenti,
1546 860 1698 940 quod
1721 883 1819 942 per
1841 863 2080 939 singulas

346 951 456 1011 fere
481 947 754 1031 Epistolas
775 946 1131 1026 pronuntiat,
1165 946 1352 1006 dicens
1386 970 1401 1006 ε
1436 949 1670 1007 «Gratia
1698 950 1856 1009 vobis
1889 965 1943 1010 et
1972 973 2079 1033 pax

348 1063 378 1099 a
390 1041 507 1098 Deo
523 1040 685 1097 Patre
695 1049 881 1094 nostro
893 1047 946 1092 et
961 1034 1201 1097 Domino
1214 1036 1242 1093 J
1250 1057 1343 1096 esu
1357 1037 1597 1098 Christo.
1612 1038 1846 1098 »Adhuc
1860 1061 1925 1098 au
1935 1054 2037 1099 tem
2057 1063 2073 1099 ε

347 1129 544 1186 «Unus
568 1126 714 1183 Deus
736 1125 921 1195 Pater,
944 1145 1004 1182 ex
1021 1144 1132 1204 quo
1157 1125 1342 1184 omnia
1365 1172 1380 1198 ,
1405 1139 1460 1184 et
1482 1149 1580 1185 nos
1609 1127 1667 1186 in
1691 1128 1811 1209 ipso
1832 1153 1846 1196 3
1869 1142 1923 1187 et
1938 1148 2080 1188 unus

346 1244 374 1272 ›>
397 1216 668 1276 Dominus
697 1218 850 1272 Jesus
879 1212 1135 1271 Christus
1157 1260 1172 1285 ‚
1214 1235 1317 1295 per
1344 1236 1508 1295 quem
1541 1217 1724 1275 omnia
1743 1264 1758 1288 ‚
1807 1232 1860 1275 et
1894 1238 1991 1276 nos
2020 1219 2079 1277 in

347 1332 375 1361 »
397 1303 577 1386 ipso1.
594 1330 622 1357 »
651 1305 759 1361 Iste
783 1314 860 1361 est
886 1299 983 1381 qui
1007 1323 1037 1359 a
1061 1302 1222 1361 nobis
1246 1303 1573 1363 Christianis
1604 1327 1747 1364 unus.
1770 1307 1916 1364 Deus
1935 1328 2079 1386 prae-

346 1398 586 1468 dicatur,
617 1416 783 1476 quem
812 1395 982 1455 Filius
1009 1416 1180 1454 unum
1205 1396 1528 1475 pronuntiat
1559 1397 1769 1454 bonum
1788 1443 1802 1464 ‚
1837 1397 2024 1455 dicens
2058 1419 2073 1454 ε

345 1513 373 1540 «
398 1488 572 1546 Nemo
598 1485 810 1555 bonuS‚
842 1483 947 1541 nisi
978 1505 1118 1542 unus
1150 1484 1296 1541 Deus
1318 1484 1359 1543 2.
1385 1511 1411 1537 ›>
1455 1486 1581 1543 Non
1623 1484 1778 1565 quod
1826 1485 2080 1543 Christus

346 1596 460 1634 non
481 1574 551 1633 sit
574 1573 773 1631 bonus,
807 1573 933 1652 Ipse
954 1573 1100 1631 enim
1127 1572 1202 1630 ait
1225 1593 1238 1629 ε
1268 1574 1423 1649 «Ego
1446 1594 1567 1631 sum
1592 1587 1780 1654 pastor
1805 1574 2079 1633 bonus-'212

347 1665 472 1722 Non
500 1661 651 1743 quod
673 1661 913 1741 Spiritus
937 1674 1156 1718 sanctus
1181 1682 1293 1718 non
1318 1661 1386 1718 sit
1411 1661 1590 1719 honus
1624 1684 1638 1718 ε
1665 1661 1793 1720 audi
1823 1662 2078 1742 Prophe-

346 1765 460 1811 tam
489 1752 818 1810 clamantem
852 1771 867 1806 ε
907 1749 1192 1830 «Spiritus
1229 1763 1353 1808 tuus
1388 1750 1569 1808 bonus
1613 1749 1851 1810 deducet
1891 1773 1978 1810 me
2020 1752 2079 1810 in

346 1868 375 1896 ›>
401 1841 548 1903 viam
576 1851 783 1897 rectam
800 1836 843 1898 [⁸.
871 1863 898 1890 »
922 1837 1071 1896 Audi
1091 1851 1275 1896 autem
1301 1837 1489 1897 adhuc
1514 1839 1808 1918 Salvatoris
1835 1839 2080 1898 testimo-

344 1930 497 1990 nium
521 1927 757 1987 dicentis
784 1947 799 1983 2
828 1952 855 1979 c<
871 1925 1058 1984 Bonus
1076 1926 1248 1984 homo
1272 1926 1339 1984 de
1371 1927 1622 1986 thesauro
1642 1927 1823 1986 cordis
1845 1929 1927 1986 sui
1951 1949 2080 2008 pro-

346 2046 373 2073 »
403 2018 509 2077 fert
523 2014 725 2082 bona5.
746 2041 772 2068 ›>
801 2015 917 2073 Nec
933 2035 1045 2072 non
1066 2014 1230 2073 etiam
1255 2028 1309 2072 et
1333 2016 1510 2073 omnis
1539 2028 1787 2075 creatura
1811 2017 1910 2075 Dei
1932 2016 2079 2074 bona

345 2106 526 2168 valde.
583 2104 643 2163 Si
687 2115 940 2169 creatura
987 2102 1171 2175 bona,
1215 2103 1260 2162 si
1298 2103 1467 2163 homo
1510 2104 1722 2175 boum,
1761 2101 1806 2162 si
1842 2103 2081 2184 Spiritus

346 2210 566 2257 sanctus
592 2195 775 2253 bonus
794 2240 808 2264 ‚
842 2193 886 2250 si
917 2191 1170 2253 Christus
1198 2193 1407 2265 bonu8‚
1442 2191 1910 2275 quemadmodum
1939 2206 2081 2252 unus

343 2287 524 2346 bonus
563 2281 954 2364 requirendum
992 2295 1086 2342 est.
1137 2280 1283 2353 Quia
1310 2283 1499 2363 utique
1535 2283 1612 2341 sic
1642 2284 1716 2341 ait
1769 2283 2025 2342 Salvator
2060 2303 2075 2339 ε

332 2376 376 2430 '«
393 2376 568 2433 Nemo
597 2374 778 2430 bonus
799 2417 813 2442 ‚
845 2370 951 2428 nisi
979 2391 1120 2429 unus
1156 2373 1301 2430 Deus
1337 2394 1351 2429 ε
1383 2399 1410 2425 »
1439 2394 1501 2430 eo
1531 2372 1681 2452 quod
1709 2374 1825 2453 ipse
1852 2385 1931 2430 est
1960 2371 2080 2454 fons

346 2462 645 2531 bonitatis,
681 2459 778 2540 qui
805 2456 958 2539 quod
993 2471 1072 2516 est
1100 2459 1281 2519 bonus
1302 2507 1316 2532 ‚
1355 2483 1385 2518 a
1419 2462 1634 2519 nemine
1669 2461 1900 2540 accepit.
1939 2461 2080 2518 Nam

349 2565 404 2611 et
430 2550 685 2611 Christus
715 2547 868 2629 quod
897 2560 975 2604 est
998 2547 1180 2606 bonus
1198 2596 1212 2620 ‚
1241 2572 1268 2607 a
1297 2571 1394 2608 suo
1424 2550 1661 2626 genitore
1689 2563 1766 2607 est
1789 2563 1850 2607 ut
1875 2549 1942 2606 sit
1971 2549 2081 2606 bo-

349 2661 485 2708 nus;
522 2651 576 2696 et
604 2639 780 2696 omnis
807 2649 1055 2694 creatura
1080 2637 1180 2695 Dei
1210 2637 1356 2695 bona
1376 2684 1389 2709 ,
1416 2659 1517 2717 per
1542 2637 1827 2696 Christum
1865 2636 2082 2721 accepit

350 2743 414 2788 ut
441 2741 577 2787 esset
602 2726 766 2785 bona.
811 2725 918 2784 Sed
947 2725 1057 2784 sive
1099 2726 1265 2784 Filius
1293 2772 1307 2796 ‚
1352 2727 1463 2784 sive
1504 2727 1600 2806 qui
1626 2747 1727 2806 per
1756 2726 1909 2784 illum
1954 2738 2080 2783 sunt

346 2817 508 2887 facti,
538 2816 606 2874 de
629 2815 725 2873 illo
755 2835 867 2873 uno
897 2814 1048 2873 fonte
1075 2815 1339 2873 bonitatis
1373 2816 1744 2896 unusquisque
1775 2815 2078 2898 secundum

346 2925 660 2965 mensuram
689 2902 817 2961 fidei
845 2924 957 2962 suae
989 2917 1394 2984 assumpserunt
1424 2917 1486 2962 ut
1513 2917 1686 2966 essent
1724 2904 1878 2963 boni.
1916 2895 2079 2961 Pater

351 3009 532 3056 autem
562 3013 733 3063 unuS‚
763 2991 1024 3071 quod'est
1050 2993 1258 3064 bonuS,
1286 3014 1318 3050 a
1345 2993 1560 3051 nemine
1581 2993 1812 3074 accepit.
1853 2992 1925 3049 Et
1951 2989 2076 3075 ideo

409 3121 424 3150 ¹
444 3123 562 3161 Rom.
595 3131 624 3167 1,
646 3131 666 3168 7
688 3131 699 3167 ;
725 3132 741 3156 1
764 3119 856 3160 Cor.
875 3132 905 3167 1,
929 3118 980 3171 33
1005 3133 1027 3157 2
1046 3120 1141 3160 Cor.
1170 3132 1203 3167 1,
1222 3130 1243 3156 2
1265 3132 1275 3166 ;
1300 3117 1432 3159 Galat.
1451 3132 1484 3166 1,
1511 3119 1560 3167 33
1586 3117 1734 3172 Ephes.
1754 3130 1781 3166 ι,
1807 3131 1848 3170 2,
1875 3125 1915 3156 et
1933 3128 1949 3157 1
1977 3116 2074 3158 Cor.

344 3203 439 3238 vm,
459 3190 501 3228 6.
518 3209 577 3216 —-
596 3183 616 3213 2
636 3188 765 3227 Marc.
789 3198 830 3234 x,
857 3187 923 3226 18.
939 3207 995 3218 ·-
1025 3182 1045 3214 3
1074 3189 1170 3228 Luc.
1195 3198 1323 3238 xvm,
1361 3198 1427 3238 19,
1459 3192 1500 3226 et
1531 3188 1656 3226 Joan.
1680 3199 1721 3235 x,
1752 3198 1820 3228 τι.
1844 3205 1904 3215 -
1924 3180 1943 3214 ⁴
1967 3182 2074 3227 Psal.

346 3270 486 3305 extu,
517 3266 580 3293 xo.
603 3274 653 3283 -—
677 3248 696 3280 ⁵
716 3254 813 3294 Luc.
839 3265 892 3302 vr,
919 3253 992 3299 45.
2076 3257 2081 3259 ·
