2144 3808
659 270 730 308 nn
772 266 1095 320 ΤΜΝΙΤΑΤΕ,
1145 271 1254 309 Llss.
1308 272 1346 310 1.
1754 272 1860 332 ¹97

134 345 345 405 fecisset
373 346 653 406 hominem
674 393 689 420 ,
727 369 840 406 non
872 348 1145 428 scriptum
1176 363 1308 407 esset
1345 371 1360 407 ε
1395 376 1420 402 α
1445 351 1728 410 Faciamus
1750 352 1863 411 ho-

122 460 165 488 .»
193 436 396 494 minem
414 436 793 512 adimaginem
818 449 870 493 et
893 437 1304 495 similitudinem
1332 438 1626 498 nostram1.
1660 467 1686 492 »
1719 443 1862 517 Ergo

134 524 264 603 quia
294 523 467 582 forma
500 524 604 581 Dei
628 524 841 604 accepit
867 523 1099 582 formam
1128 524 1287 595 servi,
1324 538 1619 604 utrumque
1650 529 1797 586 Deus
1812 542 1866 586 et

111 622 430 691 utrumque
459 612 628 670 homo
657 634 671 669 z
705 612 799 670 sed
830 605 1126 693 utrumque
1148 614 1300 671 vDeus
1328 626 1558 693 propter
1586 614 1863 693 accipien-

132 710 240 756 tem
274 703 486 772 Deum,
534 714 828 781 utrumque
865 694 1044 759 autem
1084 701 1532 781 homogpropter
1565 712 1860 782 acceptum

131 787 428 848 hominem.
457 789 645 870 Neque
666 790 814 848 enim
831 789 927 847 illa
950 790 1290 870 susceptione
1324 790 1558 848 alterum
1583 810 1775 848 eorum
1803 791 1863 849 in

133 876 363 935 alterum
396 898 719 937 conversum
755 892 917 960 atque
959 892 1233 938 mutatum
1274 892 1354 937 est
1399 899 1416 937 ε
1458 900 1561 936 nec
1591 879 1863 940 Divinitas

131 965 344 1046 quippe
376 966 435 1024 in
467 980 771 1026 creaturam
793 982 1004 1027 mutata
1029 982 1108 1027 est
1127 1016 1143 1040 ,
1178 982 1240 1028 ut
1268 968 1548 1027 desisteret
1571 989 1680 1026 esse
1704 968 1866 1027 Divi-

131 1053 310 1123 nitas3
349 1076 451 1113 nec
492 1068 742 1114 creatura
775 1056 835 1115 in
878 1057 1236 1118 Divinitatem
1254 1104 1271 1131 ,
1316 1070 1380 1115 ut
1424 1055 1702 1115 desisteret
1755 1077 1865 1115 esse

132 1156 409 1221 creatura,
1160 1197 1165 1201 ,
1671 1210 1677 1214 ,

213 1233 332 1294 XV.
385 1233 533 1293 Illud
558 1236 918 1318 autemaquod
941 1237 1078 1297 dicit
1101 1237 1397 1318 Apostolus·
1422 1258 1438 1294 ε
1468 1262 1496 1290 c<
1519 1237 1663 1295 Cum
1686 1248 1870 1294 autem

134 1348 161 1376 »
191 1323 241 1380 ei
263 1324 446 1383 omnia
474 1325 722 1400 subjecta
745 1324 982 1408 fuerint,
1012 1340 1147 1385 tunc
1168 1340 1221 1384 et
1250 1327 1366 1407 ipse
1396 1325 1566 1384 Filius
1593 1323 1871 1399 subjectus

133 1437 160 1464 ›>
184 1411 287 1468 erit
314 1413 362 1470 ei
388 1413 485 1494 qui
507 1412 589 1470 illi
621 1413 856 1488 subjecit
879 1414 1063 1472 omnia
1081 1414 1170 1486 2,>›
1221 1414 1476 1474 antideo
1514 1413 1727 1486 dictum
1751 1424 1828 1469 est
1851 1457 1868 1483 ,

131 1521 198 1556 ne
223 1500 517 1582 quisquam
541 1514 769 1581 putaret
798 1502 1059 1560 habitum
1095 1502 1334 1575 Christi,
1384 1502 1482 1584 qui
1524 1523 1584 1559 ex
1628 1499 1875 1558 humana

69 1614 74 1617 ‘
133 1599 382 1645 creatura
410 1602 692 1669 susceptus
709 1601 788 1646 est
807 1636 822 1661 ,
844 1611 1163 1650 conversum
1190 1591 1257 1648 iri
1278 1604 1466 1671 postea
1486 1590 1546 1648 in
1571 1587 1875 1669 ipsam'Di-

132 1673 411 1732 vinitatem
430 1721 445 1747 ,
472 1674 560 1734 vel
588 1688 648 1734 ut
670 1677 869 1734 certius
883 1678 1253 1757 expresserim,
1279 1679 1548 1735 Deitatem
1570 1723 1583 1747 ,
1614 1697 1739 1755 quae
1761 1696 1873 1732 non

132 1775 211 1820 est
238 1773 519 1832 creatura,
559 1763 652 1822 sed
699 1778 777 1822 est
805 1765 986 1823 unitas
1016 1765 1301 1823 Trinitatis
1339 1767 1662 1846 incorporea
1695 1776 1749 1821 et
1779 1763 1873 1821 in-

133 1851 543 1910 commutabilis
563 1865 618 1910 et
644 1852 871 1930 sibimet,
891 1854 1373 1913 consubstantialis
1396 1867 1450 1912 et
1470 1865 1746 1912 coaeterna
1774 1873 1869 1908 na-

131 1951 274 2000 tura.
306 1943 417 1998 Aut
436 1941 479 1998 si
502 1942 793 2022 quisquam
818 1943 1131 2016 contendit,
1170 1957 1233 2002 ut
1257 1944 1428 2026 aliqui
1451 1953 1733 2001 senserunt
1753 1987 1767 2012 ,
1795 1941 1871 1998 ita

133 2026 345 2086 dictum
368 2050 382 2085 ι
408 2030 525 2086 «Et
548 2030 664 2111 ipse
687 2030 856 2090 Filius
880 2033 1164 2107 subjectus
1187 2033 1291 2091 erit
1313 2032 1487 2114 ei-qui
1519 2030 1603 2089 illi
1638 2029 1875 2105 subjecit

133 2141 161 2170 »
190 2116 372 2175 omnia
386 2142 436 2189 ,›>
457 2129 520 2175 ut
540 2118 717 2199 ipsam
732 2119 1153 2196 subjectionem,
1172 2119 1655 2179 commutationem
1673 2131 1727 2176 et
1742 2138 1869 2175 con-

132 2204 433 2263 versionem
457 2205 642 2265 credat
659 2206 900 2266 futuram
929 2220 1193 2266 creaturae
1222 2208 1278 2266 in
1306 2209 1481 2288 ipsam
1507 2205 1869 2265 substantiam

132 2291 219 2351 vel
250 2293 535 2352 essentiam
567 2295 868 2367 CreatoriS,
894 2295 955 2354 id
975 2308 1083 2365 est,
1118 2309 1179 2354 ut
1195 2318 1336 2377 ·quae
1362 2295 1540 2354 fuerat
1565 2294 1870 2352 substantia

133 2393 398 2439 creaturae
420 2426 434 2451 ‚
470 2383 566 2440 fiat
594 2383 899 2442 substantia
920 2383 1221 2454 Creatoris;
1259 2397 1405 2443 certe
1426 2383 1513 2443 vel
1533 2383 1643 2441 hoc
1666 2403 1870 2440 conce·-

132 2467 248 2538 dit,
281 2468 431 2549 quod
460 2491 574 2528 non
609 2471 782 2530 habet
815 2470 984 2530 ullam
1009 2472 1445 2544 dubitationem,
1477 2470 1726 2531 nondum
1759 2468 1872 2527 hoc

129 2553 293 2614 fuisse
307 2556 392 2615 fac
400 2570 515 2615 tum
529 2580 655 2617 cum
667 2560 941 2619 Dominus
954 2559 1161 2619 diceret
1178 2583 1192 2618 ι
1208 2563 1281 2620 «P
1288 2574 1401 2620 ater
1415 2565 1590 2637 major
1602 2581 1687 2617 me
1700 2571 1779 2616 est
1791 2558 1833 2616 ³.
1846 2583 1873 2611 »

131 2644 284 2706 Dixit
308 2645 452 2704 enim
477 2645 587 2704 hoc
617 2670 727 2706 non
761 2648 937 2706 solum
968 2662 1262 2729 antequam
1306 2648 1629 2708 ascendisset
1658 2647 1716 2704 in
1753 2667 1875 2704 coe-

131 2731 278 2800 lum;
313 2735 665 2794 verumetiam
701 2751 993 2818 antequam
1022 2759 1209 2818 passus
1249 2738 1614 2796 resurrexisset
1646 2758 1675 2792 a
1714 2756 1875 2792 mor-

137 2820 258 2878 tuiS.
299 2819 387 2878 Illi
419 2835 597 2880 autem
622 2827 719 2905 qui
747 2839 951 2906 putant
989 2827 1288 2885 humanam
1328 2827 1385 2885 in
1426 2847 1489 2883 eo
1533 2837 1788 2882 naturam
1823 2824 1882 2880 in

135 2908 363 2967 Deitatis
387 2909 746 2972 substantiam
774 2914 973 2972 mutari
994 2927 1155 2995 atque
1173 2913 1441 2984 converti,
1458 2914 1604 2972 etita
1624 2911 1859 2980 dictum,

134 3023 160 3049 α
182 2997 341 3053 Tunc
363 2996 547 3076 etipse
578 3000 744 3059 Filius
770 3002 1046 3077 subjectus
1074 3003 1176 3060 erit
1197 3005 1242 3063 ei
1273 3003 1370 3083 qui
1397 3001 1476 3060 illi
1500 2999 1736 3076 subjecit
1754 3020 1872 3056 om-

135 3110 161 3137 »
186 3084 276 3141 nia
300 3130 313 3155 ,
345 3111 370 3136 ›)
403 3105 465 3141 ac
499 3084 539 3142 si
571 3086 862 3161 diceretur,
895 3091 1054 3148 Tunc
1078 3104 1132 3147 et
1159 3093 1273 3174 ipse
1311 3090 1469 3149 Filius
1501 3088 1740 3157 hominis
1774 3100 1871 3145 eta

196 3190 208 3217 ¹
235 3193 332 3229 Gen,
360 3203 388 3245 ζ,
415 3190 484 3232 26,
506 3189 596 3221 ...2
622 3207 635 3230 ι
659 3198 752 3235 (lor.
779 3209 845 3244 xv,
866 3197 936 3240 28,
962 3219 1012 3226 -
1034 3193 1052 3226 3
1074 3200 1192 3238 Joau.
1214 3203 1383 3247 x1v‚28.
