2144 3808
622 275 694 316 m:
737 276 1061 330 mmmm,
1107 277 1218 317 mn.
1270 276 1350 315 xi.
1707 258 1824 338 459

102 350 257 430 quasi
279 351 492 412 misceri
506 356 737 416 sentiens
756 403 773 430 ,
801 359 962 435 etiam
987 357 1314 434 genitalibus
1342 358 1549 417 flueret.
1582 360 1825 418 Tantum

101 438 273 496 habet
296 441 495 500 virium
526 445 704 503 anima
730 446 788 504 in
812 467 1014 526 corpus
1043 466 1202 503 suum
1219 490 1233 517 ,
1266 458 1320 502 et
1346 459 1561 504 tantum
1583 447 1725 506 valet
1754 446 1824 505 ad

98 526 406 586 indumenti
427 531 742 610 qualitatem
773 532 1090 609 vertendam
1114 547 1277 613 atque
1304 534 1645 605 mutandam,
1678 555 1824 614 quo-

101 615 267 673 modo
314 615 483 675 homo
515 619 781 679 afficiatur
815 621 1071 691 indutUS,
1097 621 1193 700 qui
1221 621 1474 679 cohaeret
1501 621 1823 679 indumento

101 722 217 761 su0.
255 705 334 763 Ex
361 705 550 764 eodem
578 729 772 784 genere
798 709 1094 768 affectionis
1117 708 1281 766 etiam
1302 707 1442 765 illud
1469 721 1568 780 est,
1592 708 1744 789 quod
1766 709 1825 766 in

101 792 302 850 somnis
354 815 453 874 per
499 795 760 872 imagines
808 797 1074 857 ludimur.
1111 796 1222 854 Sed
1264 795 1570 876 plurimum
1603 797 1783 855 differt
1805 839 1819 866 ,

102 892 286 937 utrum
307 883 495 961 sopitis
518 885 765 942 sensibus
783 885 1051 966 corporis,
1073 884 1235 943 sicuti
1260 895 1395 956 sunt,
1410 884 1821 953 dormientium,

102 980 195 1024 aut
224 968 293 1026 ab
310 969 562 1029 interiore
579 993 862 1052 compage,
882 974 1142 1045 turbatiS,
1164 973 1325 1031 sicuti
1347 985 1474 1030 sunt
1498 972 1821 1043 furentium,

101 1068 197 1113 aut
224 1057 329 1115 alio
357 1059 600 1139 quodam
633 1061 796 1119 modo
822 1062 1065 1120 alienatis
1086 1107 1100 1133 ,
1128 1061 1287 1119 sicuti
1314 1073 1441 1117 sunt
1458 1060 1828 1118 divinantium

101 1144 187 1202 vel
220 1147 712 1228 prophetantium,
755 1151 923 1208 animi
967 1149 1200 1209 intentio
1236 1148 1477 1230 quadam
1515 1148 1829 1206 necessitate

99 1249 346 1292 incurrat
373 1236 431 1293 in
459 1256 545 1295 eas
579 1258 708 1318 quae
735 1252 1037 1296 occurrunt
1065 1239 1353 1314 imagineS‚
1383 1237 1493 1295 sive
1522 1258 1583 1294 ex
1610 1257 1825 1293 memo-

100 1321 181 1378 ria
200 1367 215 1392 ,
259 1323 368 1383 sive
406 1324 508 1382 alia
542 1324 726 1406 aliqua
769 1327 987 1386 occulta
1010 1328 1066 1386 vi
1092 1374 1106 1399 ,
1136 1346 1238 1407 per
1268 1324 1532 1405 quasdam
1563 1323 1830 1404 spiritales

101 1409 361 1469 mixturas
410 1412 658 1471 similiter
701 1414 962 1494 spiritalis
997 1414 1349 1481 substantiae3
1395 1435 1463 1470 an
1507 1410 1651 1469 sicut
1686 1410 1831 1469 sanis

104 1509 266 1576 atque
293 1499 652 1575 vigilantibus
671 1501 950 1559 interdum
972 1500 1261 1578 contingit,
1285 1513 1348 1558 ut
1376 1499 1701 1575 cogitatione
1728 1517 1830 1555 oc·-

103 1598 306 1664 cupata
337 1586 587 1646 voluntas
626 1610 679 1646 se
715 1603 925 1648 avertat
963 1613 991 1648 a
1018 1591 1295 1661 sensibus,
1335 1602 1497 1668 atque
1525 1588 1600 1645 ita
1633 1586 1830 1644 formet

106 1674 271 1732 animi
312 1676 480 1733 aciem
525 1678 688 1735 variis
716 1678 1049 1754 imaginibus
1091 1678 1429 1737 sensibilium
1457 1695 1670 1747 rerum,
1705 1688 1830 1732 tan·

104 1780 270 1840 quam
298 1762 417 1843 ipsa
446 1765 718 1823 sensibilia
743 1768 1060 1827 sentiantur.
1094 1768 1219 1824 Non
1248 1779 1463 1824 tantum
1498 1777 1677 1822 autem
1702 1780 1832 1820 cum

106 1851 414 1931 appetendo
440 1854 496 1911 iu
526 1854 654 1913 talia
677 1857 928 1915 voluntas
951 1854 1274 1928 intenditur,
1302 1858 1445 1914 fiunt
1462 1856 1579 1913 istae
1605 1855 1831 1933 impres-

103 1942 278 2000 siones
315 1944 651 2020 imaginum3
689 1947 783 2004 sed
825 1948 988 2006 etiam
1033 1963 1161 2006 cum
1197 1937 1479 2006 devitandi
1521 1958 1573 2004 et
1601 1942 1834 2029 cavendi

105 2050 266 2091 causa
286 2036 500 2116 rapitur
526 2037 739 2095 animus
774 2038 832 2096 in
867 2060 929 2096 ea
951 2038 1264 2097 contuenda
1286 2056 1413 2118 quae·
1448 2036 1640 2111 fugiat.
1673 2033 1855 2092 Unde

103 2136 215 2180 non
241 2123 431 2182 solum
461 2126 735 2206 'cupiendo
759 2173 772 2195 ,
806 2126 898 2185 sed
922 2129 1083 2185 etiam
1118 2121 1412 2185 metuendo
1432 2171 1447 2196 ,
1486 2123 1719 2182 infertur
1744 2122 1832 2181 vel

105 2223 288 2268 sensus
310 2211 441 2292 ipsis
465 2206 811 2293 sensibilibus
838 2261 852 2285 ,
878 2215 966 2274 vel
1004 2212 1143 2273 acies
1173 2210 1343 2272 animi
1366 2211 1655 2281 formanda
1687 2211 1832 2268 ima-

68 2320 74 2324 ‘
107 2299 325 2373 ginibus
338 2295 697 2361 sensibilium.
721 2303 913 2382 ltaque
932 2323 1024 2361 ant
1040 2316 1215 2360 metus
1231 2314 1326 2360 aut
1339 2300 1612 2382 cupiditas
1627 2309 1834 2381 quanto

105 2387 479 2447 vehementior
496 2388 660 2447 fuerit
677 2437 692 2462 ,
723 2382 876 2449 tanto
905 2393 1204 2472 expressius
1230 2390 1500 2448 formatur
1531 2389 1696 2459 acieS,
1723 2388 1833 2446 sive

107 2475 384 2533 sentientis
402 2490 465 2534 ex
486 2494 715 2557 corpore
740 2478 891 2560 quod
917 2479 974 2537 in
993 2479 1115 2537 loco
1142 2478 1375 2554 adjacet,
1403 2478 1514 2537 sive
1540 2475 1831 2552 cogitantis

107 2584 168 2621 ex
194 2565 427 2641 imagine
450 2567 697 2647 corporis
719 2587 846 2648 quae
868 2568 1130 2627 memoria
1154 2567 1480 2626 continetur.
1516 2564 1682 2638 Quod
1701 2584 1828 2639 ergo

107 2661 187 2710 est
215 2652 283 2710 ad
311 2654 555 2734 corporis
592 2672 808 2713 sensum
856 2655 1080 2736 aliquod
1118 2668 1320 2735 corpus
1347 2654 1406 2711 in
1432 2651 1556 2710 loco
1574 2699 1588 2724 ,
1616 2651 1728 2709 hoc
1755 2658 1833 2708 est

109 2739 179 2797 ad
210 2741 376 2798 animi
401 2742 573 2801 aciem
603 2741 903 2802 similitudo
931 2744 1176 2825 corporis
1199 2743 1257 2800 in
1286 2740 1584 2799 memoria:
1609 2751 1662 2798 et
1681 2738 1835 2820 quod

108 2839 187 2886 est
216 2829 526 2908 aspicientis
548 2830 682 2890 visio
712 2831 781 2890 ad
804 2853 921 2891 eam
947 2834 1182 2913 speciem
1212 2829 1456 2909 corporis
1486 2846 1544 2887 ex
1566 2844 1675 2908 qua
1708 2844 1834 2885 sen-

109 2929 196 2975 sus
228 2917 500 2977 formatur
523 2966 537 2986 ,
565 2919 677 2979 hoc
697 2935 775 2979 est
802 2922 938 2980 visio
966 2920 1254 2996 cogitantis
1286 2918 1355 2976 ad
1390 2917 1677 2994 imaginem
1707 2934 1836 2975 cor-

64 3040 65 3043 =
108 3005 257 3085 poris
273 3004 330 3062 in
350 3007 610 3065 memoria
627 3010 979 3067 constitutam
993 3030 1052 3066 ex
1066 3024 1171 3089 qua
1184 3008 1454 3066 formatur
1471 3005 1610 3064 acies
1626 3004 1794 3062 animi
1814 3026 1829 3061 ι

110 3104 162 3149 et
187 3091 337 3172 quod
356 3105 434 3150 est
457 3095 684 3152 intentio
706 3096 1004 3154 voluntatis
1021 3095 1090 3154 ad
1114 3116 1314 3176 corpus
1341 3094 1515 3153 visum
1540 3092 1837 3152 visionem—
1877 3140 1891 3175 3

110 3194 220 3258 que
233 3180 626 3260 copulandam,
654 3191 716 3242 ut
734 3180 831 3242 fiat
849 3183 930 3242 ibi
945 3182 1202 3263 quaedam
1224 3183 1403 3242 unitas
1423 3181 1585 3241 trium
1599 3227 1613 3252 ,
1634 3192 1836 3260 quame-
