2144 3808
346 314 423 373 66
875 332 920 371 s,
970 329 1281 370 Aneusrlm
1312 312 1582 371 ⁷Er1scori

341 410 478 486 flatu
503 408 805 482 anhelareS,
829 409 1351 492 reprehendendum
1371 432 1456 468 me
1472 411 1701 491 putasti,
1721 410 1905 470 dicens
1922 409 2074 492 quod

344 511 457 555 tam
492 494 643 556 foeda
671 497 1011 578 comparatio
1034 543 1049 569 ‚
1083 497 1150 556 de
1179 497 1293 556 filio
1332 498 1537 557 scilicet
1568 499 1807 558 hominis
1836 501 1947 557 sive
1975 521 2074 557 ca*

340 587 460 666 nis,
491 587 548 645 in
576 585 727 645 illam
760 599 971 644 tantam
1005 587 1421 645 immensitatem
1448 589 1684 668 produci
1718 611 1828 647 non
1856 589 2066 649 debui-t.

343 677 467 735 Hoc
487 672 812 755 respondere
833 688 932 746 est,
963 697 1031 732 an
1052 675 1238 755 potius
1262 675 1863 758 inopiamrepousionis
1891 691 2076 735 osten-

350 760 517 822 dere?
563 762 733 833 Quasi
775 783 873 837 ego
913 775 1205 842 propterea
1243 776 1577 823 terrenarum
1619 778 1937 823 naturarum
1976 765 2079 823 ista

341 850 584 931 exempla
605 849 981 930 produxerim,
1004 865 1064 908 ut
1091 851 1492 933 incorruptioni
1514 854 1944 935 corruptionem,
1966 854 2079 911 im-

341 937 668 998 mortalitati
696 938 1085 996 mortalitatem
1105 986 1120 1011 ,
1163 940 1535 999 invisibilibus
1562 942 1801 1002 visibilia
1819 989 1833 1014 ‚
1864 942 2079 1001 aeternis

341 1026 667 1108 temporalia
691 1047 1080 1107 coaequarem.
1124 1050 1184 1086 ac
1211 1050 1323 1087 non
1345 1030 1530 1110 potius
1558 1043 1619 1088 ut
1653 1052 1749 1089 vos
1780 1031 1840 1088 in
1870 1030 2080 1106 magnis

342 1131 396 1176 et
430 1117 655 1175 summis
688 1116 851 1174 rebus
877 1129 1155 1188 erranteS,
1193 1117 1261 1175 de
1292 1118 1455 1176 rebus
1496 1119 1741 1198 parvulis
1772 1118 2080 1200 infimisque

339 1206 746 1275 convincerem,
769 1204 866 1286 qui
889 1226 1002 1262 non
1024 1205 1217 1264 videtis
1229 1196 1441 1264 bonum
1458 1207 1606 1287 quod
1628 1209 1856 1266 Creator
1871 1227 2080 1265 summe

339 1292 519 1352 bonus
550 1292 703 1351 dedit
725 1294 890 1350 etiam
915 1293 1164 1350 extremis
1193 1293 1504 1374 vilibusque
1538 1295 1820 1366 creaturiS,
1863 1308 1925 1354 ut
1952 1315 2082 1352 cum

343 1382 504 1457 longe
527 1380 678 1438 aliud
694 1381 801 1437 sint
831 1390 999 1461 quam
1023 1395 1102 1439 est
1133 1382 1269 1461 ipse,
1302 1382 1411 1440 hoc
1437 1395 1624 1440 tamen
1652 1396 1909 1460 generent
1931 1381 2083 1464 quod

342 1473 473 1529 ‘sunt
499 1470 653 1550 ipsae.
707 1470 820 1527 Nec
848 1468 1125 1527 attenditis
1149 1469 1286 1551 quid
1313 1471 1443 1528 mali
1472 1470 1689 1544 dicam,
1725 1485 1786 1530 ut
1818 1493 1952 1530 cum
1977 1471 2082 1531 ho-

345 1559 589 1617 minesaet
613 1578 794 1628 caneS,
823 1571 875 1615 et
902 1570 1098 1616 caetera
1115 1557 1435 1634 hujusmodi
1462 1559 1705 1618 habeant
1734 1560 1874 1618 filios
1902 1581 2079 1631 veroS,

348 1647 487 1728 ques
503 1646 609 1705 illis
633 1645 980 1722 gignentibus
997 1659 1145 1704 creat
1164 1646 1390 1718 veritas}⁴
1411 1669 1522 1706 non
1537 1648 1604 1706 sit
1622 1670 1781 1708 verus
1797 1648 1897 1706 Dei
1911 1647 2082 1706 Filius

348 1737 468 1818 ipsa
492 1735 707 1795 veritas,
748 1733 861 1793 Aut
909 1734 954 1792 si
982 1748 1169 1794 sancta
1196 1735 1484 1816 Scriptura
1509 1751 1732 1814 cogente
1761 1736 2079 1818 permittitis

347 1838 412 1884 ut
433 1845 593 1885 verus
606 1821 774 1881 Filius
789 1823 858 1881 sit
873 1870 888 1895 ,
922 1845 1174 1900 rogamus
1203 1824 1503 1905 permittite
1532 1839 1595 1884 ut
1611 1825 1844 1903 degener
1863 1847 1975 1884 non
1990 1827 2077 1885 sit.

346 1914 420 1973 Et
450 1913 681 1990 degener
703 1913 1020 1994 quomodo?
1054 1913 1295 1972 Audiant
1340 1915 1640 1987 catholici,
1684 1915 1830 1974 unde
1860 1915 2088 1974 erubes-

349 2017 478 2083 cant
497 2002 761 2062 haeretici.
793 2002 962 2065 Filius
981 2003 1085 2062 viri
1104 2002 1258 2061 fortis
1275 2004 1319 2061 si
1334 2004 1667 2082 nonhabeat
1681 2003 2084 2073 fortitudinem,

349 2088 582 2170 degenel
613 2091 859 2151 dicitur:
894 2107 1078 2151 tamen
1110 2094 1279 2152 homo
1301 2107 1401 2166 est,
1431 2094 1582 2175 quod
1606 2108 1658 2153 et
1686 2108 1846 2176 pater
1874 2107 1981 2163 est3
2011 2106 2089 2152 at-

348 2205 456 2265 que
501 2183 559 2241 in
605 2181 854 2240 dissimili
885 2182 1020 2251 vita,
1055 2205 1168 2241 non
1212 2196 1292 2241 est
1321 2197 1503 2241 tamen
1546 2183 1717 2242 aliena
1749 2183 2079 2274 substantia.

350 2273 460 2330 Vos
486 2270 828 2347 unigenitum
854 2272 954 2329 Dei
983 2271 1183 2329 Filium
1226 2272 1303 2330 ita
1330 2263 1647 2347 degenerem
1675 2270 1876 2344 vultiS,
1906 2284 1968 2330 ut
1990 2263 2085 2353 ip-

355 2382 470 2419 sam
494 2352 671 2416 Patris
700 2358 748 2416 ei
799 2356 1164 2417 substantiam
1209 2359 1523 2436 denegetis:
1560 2361 1826 2418 minorem
1871 2373 2086 2432 natum,

355 2450 623 2508 minorem
659 2446 974 2505 remansisse
1021 2449 1242 2524 jactatis
1281 2472 1295 2507 ι
1339 2471 1452 2508 non
1490 2449 1660 2508 ullam
1693 2449 1834 2508 datis
1873 2462 2092 2509 aetatem

355 2559 465 2620 qua
494 2535 665 2636 possit
693 2535 899 2612 augeri,
935 2557 1047 2594 non
1079 2536 1220 2595 datis
1256 2538 1503 2596 eamdem
1523 2537 1759 2596 formam
1764 2558 1893 2636 ‘qua
1918 2537 2092 2617 possit

364 2625 592 2713 aequari.
621 2625 793 2701 Cujus
811 2638 1026 2683 naturae
1049 2638 1198 2684 tanta
1221 2626 1575 2699 subtrahitiS‚
1609 2639 1669 2684 ut
1702 2626 1873 2684 miror
1899 2647 2093 2686 verum

363 2710 564 2775 Filium
597 2735 707 2796 qua
733 2711 913 2772 fronte
942 2713 1179 2773 dicatis:
1226 2715 1330 2774 nisi
1361 2715 1491 2796 quia
1520 2714 1888 2773 infelicissimo
1913 2736 2093 2774 errore

360 2828 475 2865 non
502 2825 598 2864 vos
628 2803 834 2883 putatis
866 2803 934 2862 ad
963 2804 1124 2862 unius
1153 2804 1332 2864 Patris
1370 2804 1599 2881 gloriam
1618 2851 1632 2877 ‚
1674 2804 1779 2863 nisi
1808 2825 1909 2884 per
1941 2802 2094 2863 unici

367 2894 493 2953 Filii
521 2891 908 2951 contumeliam
935 2893 1234 2973 pervenire.

444 2972 570 3042 VII.
621 2979 866 3061 Septimo
915 2981 1038 3040 loco
1069 2981 1217 3052 dixi3
1247 2981 1473 3064 «Usque
1505 2982 1638 3042 adeo
1672 2995 1852 3042 autem
1890 2981 2092 3041 Filium

360 3044 703 3151 agnoscimus
731 3090 990 3145 magnum
1025 3068 1225 3143 Deum,
1262 3084 1324 3129 ut
1354 3072 1505 3129 Patri
1529 3071 1776 3130 dicamus
1798 3069 2082 3151 aequalem.

360 3164 555 3244 Itaque
574 3159 687 3217 sine
720 3179 905 3228 causa,
945 3159 1197 3241 inquam,
1225 3160 1385 3219 nobis
1411 3160 1563 3242 quod
1584 3159 1744 3221 valde
1768 3161 2093 3241 profitemur

359 3245 680 3310 testimoniis
706 3259 760 3304 et
774 3245 1128 3330 multiloquio
1139 3250 1385 3337 probare
1416 3249 1637 3310 voluisti
1660 3276 1687 3305 >2
1712 3250 1783 3308 Et
1811 3249 1922 3322 his,
1963 3270 2091 3309 ver-
