2144 3808
362 336 480 422 Β7ο
882 352 927 406 ὀ
979 355 1287 401 Anausin-n
1333 351 1588 404 episcopi

359 442 432 501 At
453 440 596 501 enim
616 440 802 501 multo
828 440 1005 516 magis
1050 441 1211 499 unius
1255 441 1611 522 ejusdemque
1649 444 1912 515 essentiae,
1965 447 2094 526 qula

357 547 466 589 una
497 513 795 612 eademqne
846 530 1073 588 essentia
1125 532 1291 588 Pater
1318 543 1372 588 et
1404 532 1442 586 F
1445 530 1601 601 ilius;
1640 533 2093 615 qnandoquidem

354 617 509 678 Patri
533 640 643 679 non
692 617 761 678 ad
802 640 857 677 se
900 618 1083 699 ipsum
1129 631 1209 677 est
1250 618 1435 699 ipsum
1468 638 1613 691 esse,
1644 620 1737 678 sed
1771 620 1841 679 ad
1867 621 2088 695 Filium,

353 718 519 790 quam
548 709 831 767 essentiam
850 701 1059 785 genuit
1092 719 1146 765 et
1180 727 1290 789 qua
1318 708 1546 765 essentia
1571 721 1650 766 est
1683 709 1958 792 quidquid
1987 724 2082 774 est.

352 801 557 859 Neuter
584 812 710 876 ergo
738 799 875 858 adse
901 808 1001 869 est,
1034 809 1088 856 et
1122 807 1352 879 uterque
1385 798 1494 856 ad
1479 798 1713 856 mvieem
1748 799 1972 860 relative
1998 802 2091 861 dia

347 883 526 949 'citur-
555 902 624 949 an
644 882 807 948 Pater
830 887 974 947 solus
995 903 1108 947 non
1138 888 1315 947 solum
1347 887 1499 968 quod
1545 890 1708 947 Pater
1731 880 1968 962 dicitur,
1997 892 2092 952 sed

346 979 572 1040 omnino
599 974 873 1060 quidquid
901 976 1127 1047 dicitur,
1155 978 1377 1037 relative
1403 978 1472 1039 ad
1503 979 1701 1038 lilium
1725 979 1968 1040 dicitur·
1999 983 2091 1042 ille

345 1078 525 1129 autem
550 1064 756 1127 dicitur
778 1077 832 1125 et
863 1066 929 1124 ad
954 1069 1048 1124 se?
1076 1078 1130 1124 et
1170 1067 1215 1124 si
1259 1067 1334 1124 ita
1361 1079 1463 1138 est,
1491 1068 1627 1148 quid
1655 1067 1864 1129 dicitur
1891 1063 1962 1130 ad
1994 1076 2088 1132 se?

339 1174 408 1216 an
432 1154 551 1238 ipsa
579 1153 842 1215 essentia?
876 1152 984 1213 Sed
1016 1151 1195 1213 Pati-is
1218 1155 1446 1213 essentia
1474 1167 1555 1214 est
1589 1156 1778 1229 Filius,
1809 1159 1954 1218 sieut
1984 1162 2088 1219 Pa·

335 1247 432 1306 tris
465 1248 640 1306 virtus
658 1259 710 1304 et
736 1243 1023 1346 sapientia,
1064 1245 1208 1303 sicut
1233 1244 1478 1303 Verbum
1496 1245 1678 1304 Patris
1704 1247 1955 1326 etimago
1982 1252 2087 1310 Pa·-

337 1337 475 1395 tris.
503 1349 596 1395 aut
626 1330 669 1394 si
693 1331 920 1393 essentia
937 1333 1145 1392 dicitur
1168 1334 1235 1393 ad
1259 1353 1314 1392 se
1339 1335 1529 1406 Filius,
1564 1337 1731 1394 Pater
1760 1349 1942 1396 autem
1972 1353 2086 1417 non

282 1458 289 1466 «
332 1439 411 1485 est
425 1425 672 1495 essentia,
701 1420 792 1482 sed
827 1422 1040 1499 genitoi
1058 1424 1322 1495 essentiae,
1360 1445 1473 1482 non
1499 1437 1581 1482 est
1609 1435 1792 1483 autem
1811 1426 1882 1484 ad
1903 1444 1957 1485 se
1987 1429 2085 1510 ip-

333 1527 485 1587 sum,
519 1507 609 1574 secl
636 1510 789 1572 hac
774 1532 890 1595 ipsa
913 1511 1139 1571 essentia
1176 1527 1406 1612 quam„
1378 1512 1587 1584 oenuit,
1626 1513 1770 1572 sieut
1812 1515 1918 1574 hae
1964 1517 2082 1598 ipsa

333 1602 714 1682 magnitudine
734 1619 783 1660 ιιι
792 1614 959 1679 agnus
979 1618 1145 1683 quam
1174 1602 1390 1677 genuit3
1411 1619 1543 1678 ergo
1572 1614 1626 1661 et
1656 1603 1979 1680 magnitudo
2000 1601 2084 1663 di-

332 1690 479 1753 eitur
497 1693 564 1753 ad
590 1712 643 1751 se
667 1692 693 1748 l·
691 1689 853 1763 ilius,
886 1708 1013 1768 ergo
1031 1704 1084 1748 et
1110 1691 1302 1760 xirtuS,
1336 1702 1389 1748 et
1413 1692 1702 1771 sapientia,
1724 1704 1778 1750 et
1807 1693 2075 1765 Verbum,

332 1795 385 1843 et
411 1783 611 1860 imago.
650 1779 802 1854 Quid
841 1794 1018 1838 autem
1058 1779 1373 1851 absurdiuS,
1408 1790 1575 1861 quam
1603 1780 1892 1857 imaginem
1926 1781 1994 1840 acl
2026 1798 2081 1840 se

330 1867 481 1930 dici)
503 1870 802 1930 Autsinon
823 1868 1082 1970 'idipsum
1112 1880 1191 1927 est
1214 1870 1396 1945 imago
1434 1881 1488 1927 et
1523 1870 1792 1935 Verbum.
1827 1870 1976 1951 quod
2000 1876 2080 1929 est

328 1961 503 2019 virtus
524 1974 578 2018 et
605 1956 893 2040 sapientia,
916 1957 1012 2015 sed
1037 1957 1130 2014 illa
1168 1950 1261 2014 rel
1251 1958 1392 2016 utive
1413 1956 1712 2025 dicuntur,
1749 1959 1870 2017 haec
1895 1971 2076 2017 autem

331 2039 399 2109 at'l
424 2061 476 2113 se
505 2067 615 2107 non
633 2043 701 2105 ad
720 2044 902 2114 aliud3
927 2045 1128 2126 incipit
1161 2063 1273 2103 non
1294 2062 1354 2103 ea
1378 2047 1642 2126 sapientia
1661 2066 1827 2126 quam
1858 2049 2071 2123 genuit,

327 2136 539 2220 sapiens
570 2154 679 2195 esse
709 2132 892 2206 Pater,
932 2134 1062 2215 quia
1095 2148 1204 2192 non
1249 2145 1428 2215 'potest
1457 2135 1573 2215 ipse
1607 2134 1677 2192 acl
1707 2157 1827 2193 eam
1854 2135 2076 2196 relative

329 2222 473 2297 dici,
500 2239 554 2291 et
575 2224 667 2283 illa
686 2222 754 2283 ad
779 2236 901 2282 enm
921 2223 1142 2281 relative
1161 2240 1272 2281 non
1288 2222 1419 2282 diei.
1453 2223 1656 2282 Omnia
1681 2225 1826 2282 enim
1847 2244 1976 2306 quse
1995 2244 2077 2283 re·

328 2307 506 2376 lative
538 2313 840 2379 dicuntur,
885 2302 1211 2372 adinvicem
1240 2313 1526 2373 dicuntur.
1565 2313 1756 2372 Restat
1781 2314 1965 2395 itaque
2012 2323 2075 2373 ut

328 2405 488 2466 etiam
515 2404 738 2464 essentia
770 2402 936 2461 Filius
969 2402 1194 2462 relative
1226 2403 1449 2461 dicatur
1484 2402 1554 2461 ad
1590 2403 1826 2464 Patrem.
1855 2406 1932 2462 Ex
1960 2425 2072 2487 quo

327 2494 625 2554 conficitur
651 2491 1120 2574 inopinatissimus
1138 2511 1345 2564 sensus,
1385 2505 1447 2550 ut
1469 2492 1587 2573 ipsa
1617 2493 1843 2550 essentia
1868 2511 1980 2550 non
2003 2493 2073 2551 sit

330 2584 592 2653 essentia3
618 2579 704 2643 vel
737 2594 882 2642 certe
906 2601 1031 2640 cum
1058 2580 1268 2640 ‘dicitur
1282 2581 1530 2652 essentia,
1570 2601 1681 2638 non
1707 2581 1955 2651 essentia,
1978 2580 2071 2638 sed

327 2671 619 2733 relativum
643 2672 935 2731 indicetur.
963 2669 1259 2744 Quomodo
1282 2680 1408 2729 eum
1436 2669 1643 2728 dicitur
1659 2669 1937 2741 dominuS,
1958 2689 2070 2727 non

326 2761 866 2833 essentiaindicatur,
893 2760 987 2819 sed
1002 2760 1289 2819 relativum
1311 2758 1461 2840 quod
1481 2758 1714 2818 refertur
1727 2759 1795 2817 ad
1817 2777 2030 2818 servum
2049 2783 2064 2827 ;

328 2870 457 2912 cum
501 2864 682 2911 autem
713 2849 883 2908 homo
913 2849 1148 2920 dicitur,
1179 2848 1264 2924 vel
1294 2847 1504 2927 aliquid
1537 2848 1642 2906 tale
1666 2895 1679 2918 ‚
1712 2848 1863 2930 quod
1893 2846 1962 2905 ad
1986 2867 2062 2917 se,

325 2957 437 2999 non
463 2941 533 3000 ad
565 2938 714 2999 aliud
746 2938 974 3010 dicitur,
1004 2950 1136 2996 tunc
1154 2936 1431 2996 indicatur
1453 2936 1695 2997 essentia.
1735 2938 1916 2997 Homo
1937 2955 2067 3011 ergo

325 3049 451 3088 cum
475 3029 732 3088 dominus
760 3026 987 3098 dicitur,
1031 3027 1147 3107 ipse
1170 3026 1341 3084 homo
1388 3027 1616 3084 essentia
1659 3037 1757 3096 est,
1809 3024 2065 3083 dominus

323 3114 691 3183 verorelative
713 3113 919 3174 dicitur
938 3137 952 3173 τ
973 3115 1143 3172 homo
1166 3114 1308 3173 enim
1331 3113 1399 3173 ad
1420 3135 1474 3173 se
1494 3114 1703 3173 dicitur
1716 3114 1972 3173 dominus
1993 3110 2063 3171 ad

323 3223 569 3273 servum3
603 3202 713 3262 hoc
745 3216 926 3261 autem
948 3202 1095 3260 unde
1121 3203 1352 3278 agimus,
1385 3204 1428 3261 si
1450 3204 1674 3261 essentia
1702 3204 1818 3283 ipsa
1841 3201 2063 3260 relative

320 3295 547 3359 dicitnr,
578 3293 798 3350 essentia
823 3292 941 3372 ipsa
989 3313 1099 3349 non
1129 3305 1208 3349 est
1238 3292 1484 3352 essentia.
1519 3294 1644 3352 Huc
1672 3290 1904 3362 accedit,
1930 3291 2061 3371 quia
