2144 3808
313 382 428 443 500
842 400 886 441 5.
940 394 1248 442 Αοοῡ5Τ1Ν1
1292 394 1549 441 Episcopi

310 508 369 567 re
403 485 730 566 sempiterna
750 531 763 556 ‚
805 484 957 565 quod
990 499 1069 544 est
1101 483 1444 559 intelligibile
1477 483 1681 544 lumen.
1724 485 1806 543 De
1838 505 1948 565 quo
1983 494 2044 553 ut

313 573 685 633 testimonium
715 573 1032 653 perhiberet
1052 620 1067 645 ,
1101 572 1251 632 venit
1271 574 1303 629 J
1308 593 1507 630 oannes
1535 595 1549 630 t
1584 572 1682 653 qui
1714 599 1739 625 c<
1770 574 1896 631 Non
1932 586 2047 631 erat

314 689 342 717 n
363 662 458 721 lux
475 709 489 734 ‚
511 661 605 720 sed
631 675 692 719 ut
709 662 1077 720 testimonium
1101 661 1419 742 perhiberet
1443 661 1509 718 de
1532 661 1758 720 lumine.
1785 689 1810 714 ›>
1837 660 2046 737 Adjun-

314 753 394 827 git
423 751 605 810 enim:
659 777 685 803 α
712 751 844 808 Erat
881 749 973 808 lux
995 772 1122 810 vera
1148 771 1276 830 quae
1309 748 1587 807 illuminat
1620 755 1836 808 omnem
1870 748 2049 807 homi-

278 899 282 902 *
315 868 342 893 »
364 862 491 899 nem
518 839 826 899 venientem
859 839 919 897 in
943 839 1097 897 hunc
1134 838 1423 898 mundum.
1464 841 1530 895 In
1569 838 1779 896 mundo
1818 851 1965 908 erat,
1997 851 2051 895 et

317 957 343 984 22
366 929 606 987 mundus
630 950 731 1009 per
759 929 942 1009 ipsum
964 929 1140 987 factus
1174 941 1253 985 est
1272 974 1285 994 ‚
1317 942 1370 986 et
1385 926 1627 986 mundus
1650 949 1774 985 eum
1791 948 1904 984 non
1925 947 2050 1003 cog-

315 1045 343 1072 »
365 1018 539 1079 novit.
579 1019 645 1074 In
673 1017 902 1096 propria
929 1018 1106 1085 venit,
1139 1030 1193 1073 et
1216 1016 1300 1073 sui
1330 1037 1456 1074 eum
1497 1038 1609 1074 non
1648 1028 1992 1097 receperunt.
2026 1042 2052 1069 >2

315 1107 454 1163 Haec
479 1105 647 1163 verba
676 1103 861 1159 omnia
882 1148 896 1173 ‚
930 1103 1027 1182 qui
1067 1102 1324 1160 Latinam
1366 1101 1612 1178 linguam
1640 1104 1855 1174 sciunt,
1893 1125 1952 1161 ex
1975 1125 2055 1160 re-

318 1194 423 1251 b'us
454 1191 767 1268 intelligunt
797 1212 932 1271 quas
957 1204 1247 1251 noverunt.
1286 1191 1536 1264 Quarum
1565 1191 1764 1272 aliquae
1794 1192 1953 1251 nobis
1975 1192 2057 1250 in-

316 1293 617 1339 notuerunt
643 1300 758 1361 sper
796 1279 1044 1359 corporis
1075 1301 1292 1352 50115115,
1339 1279 1482 1338 sicut
1520 1279 1722 1360 borne,
1761 1281 1903 1339 sicut
1943 1280 2059 1361 ipse

317 1368 560 1427 mundus
581 1414 595 1440 ‚
628 1371 787 1443 cujus
814 1381 926 1425 tam
951 1367 1257 1427 evidentem
1282 1367 1717 1444 magnitudinem
1745 1369 2054 1439 cernimu5,

314 1458 463 1515 -sicut
491 1455 809 1514 eorumdem
844 1456 1142 1516 verborum
1179 1457 1330 1525 soni3
1370 1479 1496 1515 nam
1532 1473 1584 1514 et
1625 1457 1844 1516 auditus
1879 1478 2062 1516 sensus

319 1559 398 1603 est
422 1544 708 1625 corporis;
742 1543 941 1624 aliquae
968 1558 1148 1603 autem
1172 1566 1273 1625 per
1309 1545 1476 1603 animi
1498 1546 1764 1604 rationem
1792 1593 1806 1619 ‚
1839 1546 1982 1605 sicut
2004 1544 2064 1603 id

321 1634 474 1716 quod
498 1633 714 1692 dictum
735 1646 814 1691 est
841 1655 854 1690 z
892 1660 918 1686 ι(
944 1634 1014 1691 Et
1042 1634 1125 1691 sui
1146 1655 1269 1692 eum
1307 1656 1419 1692 non
1448 1649 1775 1716 receperunt
1801 1657 1815 1692 ε
1840 1662 1865 1688 »
1899 1633 2066 1692 intel-

324 1723 514 1799 ligitur
544 1722 720 1793 enim,
763 1744 877 1780 non
907 1722 967 1780 in
994 1744 1118 1780 eum
1167 1722 1554 1792 crediderunt3
1593 1724 1745 1804 quod
1781 1722 1918 1805 quid
1962 1722 2062 1793 sit,

324 1811 478 1869 nullo
504 1811 752 1891 corporis
775 1832 936 1869 sensu
954 1858 968 1882 ,
1003 1811 1096 1869 sed
1124 1812 1292 1869 animi
1311 1813 1519 1870 ratione
1551 1813 1923 1889 cognovimus,
1965 1813 2069 1892 lp-

332 1900 517 1957 sorum
542 1899 705 1956 etiam
723 1899 1056 1972 verborum,
1097 1922 1208 1958 non
1245 1923 1431 1972 sonos,
1473 1899 1566 1959 sed
1609 1900 2065 1977 significationeS,

330 1989 535 2069 partim
564 2009 662 2067 per
691 1988 938 2067 corporis
967 2009 1211 2061 sensum,
1246 1989 1453 2067 partim
1481 2011 1583 2069 per
1612 1990 1781 2047 animi
1804 1988 2071 2047 rationem

332 2075 648 2134 didicimus,
683 2075 797 2133 Nee
825 2097 886 2133 ea
909 2076 1080 2134 verba
1116 2098 1266 2135 nunc
1295 2078 1540 2157 primum
1581 2077 1892 2136 audivimus
1928 2099 1942 2160 ς
1979 2075 2074 2135 secl

333 2185 461 2246 quae
498 2162 1022 2239 jam'audieramu53
1065 2177 1118 2222 et
1152 2186 1263 2222 non
1299 2165 1479 2223 solum
1517 2165 1636 2247 ipsa
1659 2213 1673 2238 ‚
1715 2165 2070 2226 verumetiam

336 2251 466 2335 quae
493 2251 890 2327 significarent,
929 2252 1149 2328 cognita
1191 2253 1455 2311 memoria
1488 2253 1808 2312 tenebamus
1831 2301 1846 2325 ‚
1893 2267 1945 2311 et
1982 2252 2076 2310 hic

340 2341 682 2419 agnovimus,
716 2341 836 2398 Hoc
867 2341 1012 2398 enim
1037 2362 1243 2400 nomen
1275 2341 1634 2422 dissyllabum
1668 2364 1795 2401 cum
1822 2341 2028 2401 dicitur
2058 2363 2072 2398 ι

344 2458 371 2484 «
400 2428 678 2500 Mundus,
705 2455 731 2482 ›>
775 2429 1035 2510 quoniam
1070 2451 1233 2488 sonus
1273 2444 1383 2502 est,
1433 2453 1516 2489 res
1550 2432 1739 2512 utique
1781 2428 2080 2511 corporalis

339 2541 440 2601 per
464 2539 665 2599 corpus
687 2518 963 2589 innotuit,
997 2518 1058 2577 id
1081 2532 1190 2590 est,
1219 2541 1317 2600 per
1340 2541 1525 2578 aurem
1554 2542 1567 2577 :
1608 2519 1699 2578 sed
1729 2519 1890 2578 etiam
1924 2516 2077 2599 quod

289 2677 298 2684 .
342 2608 614 2684 significat
633 2627 732 2687 per
760 2629 963 2688 corpus
990 2607 1262 2679 innotuit,
1295 2607 1354 2665 id
1379 2621 1487 2681 est,
1525 2630 1625 2689 per
1659 2607 1846 2666 oculos
1876 2607 2071 2665 carnis,

346 2694 594 2754 Mundus
614 2694 827 2775 quippe
851 2696 909 2753 in
937 2709 1208 2778 quantum
1230 2709 1391 2755 notus
1419 2711 1533 2769 est,
1577 2696 1897 2755 videntibus
1920 2708 2082 2753 notus

348 2797 445 2843 est.
483 2785 553 2840 At
572 2773 681 2841 Boc
711 2785 943 2842 verbum
967 2798 1203 2864 quatuor
1222 2785 1557 2864 syllabarum
1584 2785 1735 2867 quod
1759 2799 1868 2855 est,
1902 2812 1928 2838 ι(
1954 2790 2082 2843 Cre-

353 2899 380 2927 »
401 2870 661 2930 diderunt
683 2918 697 2941 ‚
724 2898 748 2924 »
773 2893 906 2930 sono
929 2893 1056 2943 5110,
1084 2873 1344 2953 quoniam
1386 2895 1588 2953 corpus
1614 2887 1728 2942 est,
1772 2895 1870 2954 per
1899 2894 2082 2931 aurem

348 2959 528 3018 carnis
551 2956 803 3016 illabitur
839 2982 852 3017 :
891 2959 1041 3039 quod
1080 2973 1263 3018 autem
1301 2960 1570 3036 significat
1593 3008 1606 3030 ,
1653 2960 1806 3019 nullo
1840 2959 2086 3040 corporis

349 3067 535 3115 sensu,
569 3045 661 3103 sed
693 3048 860 3105 animi
886 3049 1097 3106 ratione
1123 3049 1490 3125 cognoscitur.
1527 3051 1641 3108 Nisi
1662 3050 1803 3107 enim
1829 3048 1964 3130 quid
1990 3048 2079 3120 sit,

348 3162 375 3189 c<
403 3131 770 3192 Crediderunt
794 3180 807 3203 ‚
840 3162 865 3187 »
912 3157 1012 3214 per
1041 3136 1284 3195 animum
1321 3158 1629 3209 nossemUS‚
1672 3160 1781 3195 non
1812 3136 2086 3214 intellige-

344 3243 526 3285 remus
563 3221 699 3302 quid
728 3243 836 3280 non
876 3221 1103 3283 fecerint
1130 3225 1212 3284 illi
1241 3226 1308 3284 de
1339 3227 1546 3308 quibus
1576 3227 1787 3286 dictum
1811 3239 1890 3284 est
1920 3248 1933 3283 ε
1964 3253 1989 3279 c<
2014 3227 2084 3284 Et

340 3314 472 3375 »sui
499 3332 625 3371 eum
663 3332 776 3370 non
799 3327 1142 3393 receperunt.
1175 3340 1200 3368 »
1229 3316 1410 3374 Sonus
1437 3338 1563 3393 ergo
1593 3315 1749 3378 verbi
1781 3314 2083 3374 forinsecus
