2144 3808
349 300 423 358 62
880 316 925 356 5.
976 314 1285 360 mensum
1329 318 1587 360 Emscom

346 424 516 485 quam
553 401 622 461 de
663 400 778 460 solo
823 404 982 468 Patre
1019 405 1088 468 sit
1117 404 1329 471 dictum
1363 427 1377 462 ι
1422 426 1549 463 cum
1579 405 1669 464 ille
1711 405 1821 470 hoe
1869 426 1978 470 non
2006 406 2075 468 de

346 491 507 550 Patre
528 489 747 563 dixerit,
773 488 865 548 sed
889 489 956 549 de
976 490 1090 550 Deo
1113 539 1128 565 ,
1154 492 1307 575 quod
1327 507 1406 551 est
1429 496 1589 552 Pater
1608 508 1662 553 et
1684 493 1852 553 Filius
1868 508 1922 553 et
1946 494 2076 575 Spi-

344 583 480 642 ritus
503 594 735 639 sanctUS.
776 579 1007 639 Ostendi
1030 603 1156 659 ergo
1193 595 1247 640 et
1274 583 1474 640 Filium
1506 584 1711 643 habere
1743 584 2074 643 immortali-

342 683 506 729 tatem
533 667 834 727 secundum
859 669 1222 729 substantiam
1246 670 1548 729 divinitatis
1569 693 1699 731 suae.
1729 673 1866 737 Nam
1887 694 2078 731 secun-

348 759 484 818 dum
515 779 735 816 carnem
756 756 880 837 quis
906 771 1067 834 negat
1095 779 1221 817 eum
1243 758 1406 819 fuisse
1436 759 1755 825 mortalem?
1781 760 1868 817 Tu
1899 773 2078 819 autem

348 868 477 907 cum
502 847 645 905 mihi
670 845 996 926 respondere
1035 840 1106 906 acl
1142 847 1298 905 hunc
1326 847 1512 906 locum
1553 848 1743 919 velleS‚
1786 848 2081 929 perspicua

349 936 577 995 veritate
615 932 906 993 conclusus
927 982 943 1008 ,
975 935 1139 994 etiam
1174 937 1353 995 Deum
1384 935 1586 995 Filium
1614 936 2079 996 immortalitatem

349 1024 556 1084 habere
585 1022 856 1082 confessus
882 1045 952 1084 es,
992 1024 1184 1091 Victus
1211 1046 1264 1082 es
1303 1025 1473 1101 igitur
1497 1026 1554 1083 in
1582 1047 1645 1083 eo
1679 1024 1831 1105 quod
1861 1024 2082 1087 dicebas

353 1114 421 1174 de
451 1114 613 1171 Patre
639 1125 857 1170 tantum
887 1111 1080 1171 dixisse
1111 1113 1440 1194 Apostolum
1462 1161 1476 1185 ‚
1516 1113 1666 1194 quod
1706 1113 1850 1180 solus
1878 1112 2084 1171 habeat

348 1200 834 1262 immortalitatem.
874 1201 1063 1281 Neque
1089 1202 1233 1270 enim
1258 1215 1550 1282 propterea
1579 1201 1814 1262 vinculis
1842 1200 2083 1259 veritatis

348 1290 608 1361 elaberis,
638 1289 902 1370 quoniam
926 1288 1109 1349 dicis:
1149 1316 1174 1342 «
1199 1290 1382 1348 Habet
1407 1290 1633 1370 quidem
1666 1289 1865 1348 Filius
1851 1310 2083 1350 immor-

351 1407 379 1435 »
408 1378 700 1450 uilitatem,
734 1376 827 1435 sed
853 1376 1126 1457 accipiens
1151 1399 1179 1435 a
1211 1378 1451 1437 Patre.»
1492 1378 1617 1435 Non
1647 1377 1917 1457 quaeritur
1940 1375 2086 1437 unde

347 1465 583 1537 habeat,
629 1464 722 1523 secl
762 1477 950 1522 utrum
988 1465 1212 1527 habeat.
1263 1467 1350 1533 Tu
1393 1465 1537 1527 enim
1580 1465 1648 1524 de
1674 1467 1836 1523 Patre
1863 1463 1977 1524 solo
2004 1465 2084 1524 vis

349 1555 579 1632 intelligi
602 1552 753 1634 quod
789 1553 1057 1634 scriptum
1087 1567 1168 1612 est
1193 1576 1206 1616 3
1244 1581 1268 1608 α
1297 1554 1458 1612 Solus
1498 1554 1670 1621 habet
1698 1553 2086 1618 immortalita-

352 1672 379 1699 »
402 1659 530 1703 tem.
565 1671 591 1697 >2
620 1643 850 1706 Prorsus
879 1664 906 1699 a
933 1641 1087 1700 nullo
1110 1656 1396 1723 acceptam
1421 1644 1583 1703 Pater
1607 1642 1778 1708 habet
1802 1643 2084 1701 immorta-

345 1733 578 1804 litatem,
599 1744 699 1789 eta
716 1731 878 1796 Patre
896 1744 1178 1811 acceptam
1199 1732 1366 1790 Filius
1383 1732 1553 1790 habet
1570 1731 2037 1797 immortalitatem
2066 1752 2080 1787 ε

352 1835 538 1880 tamen
569 1832 625 1878 et
651 1819 815 1877 Pater
832 1831 884 1875 et
906 1818 1075 1877 Filius
1100 1820 1271 1878 habet
1294 1820 1782 1886 immortalitatem.
1825 1819 2086 1900 Alioquin

352 1911 539 1970 sicam
566 1930 679 1968 non
709 1907 882 1965 habet
907 1907 1111 1978 Filius;
1143 1910 1305 1969 Pater
1326 1931 1443 1967 eam
1475 1931 1586 1968 non
1609 1908 1763 1967 dedit
1796 1908 1964 1979 Filio,
1994 1921 2087 1967 aut

355 2009 637 2081 acceptam
668 1997 912 2078 perdidit
932 1997 1118 2058 Filius.
1162 2000 1327 2058 Dedit
1363 2013 1541 2058 autem
1580 2000 1742 2057 Pater
1773 1997 1912 2056 Filio
1935 2044 1949 2067 ‚
1985 2019 2086 2056 nec

352 2088 597 2173 perdidit
615 2086 782 2145 Filius
804 2109 818 2143 ε
847 2108 946 2145 nec
965 2088 1125 2145 Pater
1144 2088 1328 2146 dando
1349 2088 1594 2169 perdidit
1612 2087 1759 2168 quod
1779 2085 2086 2162 generando

352 2178 527 2238 dedit.
560 2177 743 2235 Habet
766 2197 891 2251 crgo
913 2176 1375 2250 immortalitatem
1400 2191 1451 2234 et
1479 2179 1637 2243 Pater
1660 2191 1714 2235 et
1742 2176 1940 2246 Filius,
1974 2196 2086 2238 non

354 2273 518 2327 Pater
545 2265 706 2324 solus,
764 2263 985 2340 Cogeris
1026 2265 1211 2347 itaque
1240 2266 1490 2325 confiteri
1533 2288 1644 2324 non
1672 2265 1740 2324 de
1778 2264 1894 2343 solo
1925 2266 2087 2322 Patre

357 2360 571 2419 dictum
593 2377 700 2415 esse
728 2378 742 2412 ε
776 2382 802 2409 c<
833 2350 943 2427 Qui
971 2356 1116 2414 solus
1147 2357 1320 2416 habet
1345 2357 1814 2416 immortalitatem
1847 2378 1860 2412 z
1891 2383 1916 2410 »
1957 2355 2086 2435 quia

350 2454 468 2526 jam
496 2457 718 2504 coactus
736 2465 790 2501 es
814 2444 1065 2502 confiteri
1088 2445 1241 2526 quod
1264 2460 1317 2504 et
1346 2446 1514 2504 Filius
1537 2446 1742 2504 habeat
1770 2443 2088 2502 immortali-

356 2548 542 2595 tatem.
579 2531 763 2590 Habet
803 2545 984 2590 autem
1022 2533 1172 2592 hanc
1211 2561 1238 2587 c<
1274 2534 1469 2606 Solus,
1498 2561 1525 2588 ›>
1570 2534 1661 2593 sed
1695 2534 1839 2590 Deus
1879 2554 1893 2589 ι
1935 2531 2088 2611 quod

357 2646 470 2684 non
499 2619 644 2680 solus
679 2633 758 2677 est
790 2619 986 2690 Pater3
1022 2623 1154 2702 quia
1193 2622 1304 2681 hoc
1334 2637 1413 2680 est
1453 2636 1507 2680 et
1538 2622 1737 2692 Filius,
1776 2633 1830 2678 et
1860 2633 2088 2700 uterque

359 2711 624 2788 adjuncto
657 2709 870 2791 Spiritu
901 2725 1088 2768 sancto
1119 2732 1261 2770 unus
1296 2725 1374 2769 est
1404 2714 1568 2771 Deus,
1613 2709 1721 2769 Sed
1756 2730 1924 2791 quare
1945 2708 2088 2767 solus

355 2802 503 2861 Deus
545 2798 725 2857 dictus
767 2798 837 2856 sit
879 2797 1085 2858 habere
1126 2800 1591 2858 immortalitatem
1616 2846 1629 2869 ‚
1665 2821 1791 2857 cum
1820 2812 1873 2856 et
1907 2797 2087 2855 anima

357 2910 462 2971 pro
490 2907 586 2945 suo
621 2884 786 2943 modo
810 2885 879 2943 sit
903 2886 1262 2959 immortaliS‚
1300 2902 1352 2946 et
1381 2887 1485 2946 alia
1526 2887 1784 2968 spiritalis
1823 2886 2089 2945 coelestis—

355 2998 462 3060 que
506 2986 792 3045 creatura‚
840 2987 1027 3055 postea
1060 2976 1372 3035 videbimus
1415 2998 1430 3034 z
1475 2997 1623 3034 nunc
1665 2988 1849 3034 autem
1888 2973 2004 3032 suff
2013 2987 2088 3033 c1t

355 3065 551 3135 nobiS‚
586 3059 741 3144 quod
772 3061 841 3119 ad
864 3083 925 3120 ea
953 3083 1080 3144 quae
1112 3063 1257 3137 dixi,
1298 3064 1441 3124 nihil
1466 3063 1794 3146 respondere
1823 3061 2082 3143 potuisti3

354 3168 410 3215 et
437 3175 550 3214 non
571 3149 748 3210 solum
778 3150 1036 3225 Patrem,
1062 3152 1155 3212 sed
1188 3154 1438 3234 quamvis
1471 3154 1591 3213 ab
1576 3175 1729 3235 1Ρ5ο,
1761 3152 1968 3211 habere
1995 3163 2085 3209 ta-

353 3267 481 3308 men
501 3237 971 3304 immortalitatem
997 3241 1162 3302 etiam
1187 3243 1392 3306 Filium
1413 3257 1638 3305 coactus
1663 3264 1718 3303 es
1747 3241 2015 3303 confiteri.
