2144 3808
15 3730 35 3807 *22*
13 3557 45 3720 “ou-a*—
16 3519 32 3530 '.
10 3483 30 3508 ῤ’.

362 365 580 404 (ιοΝτιιἈ
622 364 959 405 nummum
1001 364 1281 419 Ammon,
1333 369 1442 409 ιη.
1497 372 1560 410 υ.
1760 351 1838 429 89

111 454 230 525 jore
262 459 455 506 natum
497 467 604 504 esse
637 446 851 516 dicitis,
888 446 1075 504 saltem
1117 447 1259 506 sicut
1295 447 1557 508 infantem
1606 472 1843 510 crescere

116 536 322 606 sinitis,
357 548 417 592 ut
457 534 750 615 aliquando
780 557 878 594 suo
916 536 1069 594 Patri
1109 538 1280 616 possit
1321 558 1429 596 esse
1469 539 1709 619 aequaliS.
1753 539 1840 597 Ad

116 624 225 682 boc
275 622 418 682 enim
463 644 587 681 eum
628 623 934 704 perfectum
979 624 1162 682 dicitis
1204 646 1313 683 esse
1350 639 1539 684 natum
1570 672 1584 697 ,
1636 648 1745 684 non
1781 639 1845 684 ut

116 710 249 769 hinc
268 709 386 768 laus
412 715 524 786 ejus
554 724 840 780 cresceret,
869 712 958 770 sed
989 706 1050 770 ut
1082 712 1260 770 minor
1290 717 1404 788 ejus
1435 727 1628 772 natura
1662 735 1844 771 rema-

117 811 283 856 neret.
333 799 403 855 Et
445 820 570 856 cum
610 801 709 857 ista
750 800 1013 869 sentiatiS,
1042 801 1276 881 sequeris
1318 814 1534 880 tamen,
1575 815 1627 860 et
1673 801 1838 871 dicis,

118 884 309 942 «Nihil
335 886 603 944 subtraxit
631 889 796 945 Pater
826 888 882 946 in
913 888 1220 964 generando
1256 889 1474 949 Filium.
1495 916 1521 943 »
1550 888 1844 962 Quomodo

72 975 77 985 “
116 971 256 1031 nihil
290 973 557 1032 subtraxit
577 974 633 1033 in
657 975 964 1051 generando
993 976 1189 1034 Filium
1215 1024 1229 1048 ,
1257 998 1420 1058 quem
1444 999 1554 1035 non
1577 976 1846 1057 aequalem

32 1065 43 1074 ‘
117 1061 323 1137 genuit,
345 1061 436 1119 sed
459 1063 766 1122 minorem?
794 1066 875 1123 An
901 1064 1024 1122 ideo
1046 1064 1188 1122 nihil
1217 1065 1518 1136 subtraxit,
1547 1065 1676 1146 quia
1705 1062 1849 1122 nihil

118 1169 303 1208 eorum
322 1171 448 1230 quae
471 1152 740 1227 gignendo
758 1153 939 1224 dedit,
966 1154 1190 1212 abstulit
1209 1155 1429 1230 genito?
1457 1156 1541 1212 lta
1565 1175 1689 1212 sane
1707 1151 1849 1210 nihil

118 1237 386 1296 subtraxit
413 1261 427 1296 ε
460 1240 551 1298 sed
584 1241 777 1300 etfiliis
805 1242 1092 1300 hominum
1117 1243 1213 1324 qui
1236 1265 1497 1324 prospere
1519 1254 1844 1312 nascuntur,

118 1324 259 1383 nibil
293 1325 468 1385 aufert
501 1330 731 1387 Creator
757 1335 872 1406 jam
911 1330 1051 1388 natis
1075 1377 1090 1401 ,
1137 1331 1273 1410 quin
1319 1331 1505 1411 potius
1542 1330 1735 1401 addit,
1788 1341 1853 1387 ut

120 1412 342 1480 accedat
369 1417 737 1491 crescentibus
769 1417 920 1497 quod
943 1419 1291 1495 nascentibus
1319 1418 1510 1478 defuit.
1549 1417 1697 1488 Quid
1721 1436 1848 1491 ergo

118 1525 377 1580 magnum
400 1507 467 1564 de
492 1509 654 1566 Patre
679 1507 858 1566 dixisti
880 1530 1003 1584 erga
1029 1509 1252 1566 unicum
1278 1508 1472 1566 Filium
1496 1555 1510 1579 ,
1538 1508 1635 1587 qui
1658 1529 1768 1565 non
1789 1528 1851 1564 ex

117 1592 296 1651 nihilo
314 1593 477 1663 velex
498 1594 680 1675 aliqua
705 1595 928 1653 materia
948 1594 1128 1653 factus
1148 1642 1162 1665 ,
1189 1595 1281 1654 sed
1308 1618 1368 1653 ex
1397 1596 1518 1676 ipso
1548 1609 1706 1653 natus
1734 1598 1846 1653 est?

121 1681 270 1752 Quid
295 1705 553 1760 magnum
579 1698 657 1742 est
680 1685 810 1766 quia
828 1706 939 1742 non
955 1685 1225 1743 subtraxit
1256 1684 1406 1765 quod
1431 1685 1611 1755 dedit,
1635 1684 1679 1743 si
1697 1683 1851 1766 quod

120 1769 249 1828 dare
283 1772 467 1852 potuit
495 1795 605 1831 non
631 1773 815 1831 dando
844 1774 1111 1831 subtraxit
1137 1795 1150 1830 :
1180 1774 1292 1832 Ubi
1315 1786 1426 1843 est,
1452 1773 1604 1854 quod
1626 1772 1854 1830 eumin-

119 1859 310 1918 vidum
342 1883 452 1919 non
480 1884 590 1920 esse
619 1861 833 1920 dixisti?
879 1866 963 1920 An
1002 1861 1141 1920 forte
1185 1862 1313 1920 dare
1348 1884 1458 1921 non
1484 1861 1710 1942 potuit?
1741 1859 1855 1919 Ubi

121 1961 198 2006 est
219 1951 616 2031 omnipotentia
648 1951 743 2009 Dei
769 1951 988 2009 Patris?
1013 1946 1244 2008 Prorsus
1270 1950 1339 2008 ad
1368 1951 1529 2009 hunc
1562 1949 1854 2009 articulum

120 2059 203 2096 res
231 2039 528 2116 colligitur,
556 2055 618 2099 ut
641 2044 788 2100 Deus
810 2042 974 2098 Pater
996 2040 1262 2121 aequalem
1287 2041 1392 2098 sibi
1414 2041 1632 2116 gignere
1658 2039 1854 2097 Filium

123 2139 217 2185 aut
246 2150 356 2186 non
383 2131 653 2210 potuerit,
682 2143 777 2188 aut
805 2129 1056 2188 noluerit.
1102 2129 1158 2186 Si
1186 2151 1296 2186 non
1323 2129 1504 2209 potuit
1528 2175 1542 2198 ,
1569 2130 1851 2186 infirmus:

123 2214 165 2272 si
191 2215 399 2286 noluit,
444 2217 662 2276 invidus
695 2218 988 2276 iuvenitur.
1039 2215 1146 2274 Sed
1185 2229 1485 2296 utrumque
1516 2217 1628 2275 hoe
1659 2215 1857 2274 falsum

123 2316 218 2363 est.
258 2305 408 2362 Patri
436 2306 602 2382 igitur
630 2308 742 2363 Deo
775 2306 942 2364 Filius
963 2327 1121 2363 verus
1154 2304 1379 2386 aequalis
1403 2318 1497 2364 est.
1531 2305 1591 2363 Si
1621 2325 1770 2381 ergo,
1796 2315 1859 2361 ut

122 2390 345 2463 laudaS,
378 2392 558 2472 placet
585 2393 690 2451 tibi
714 2393 866 2473 quod
890 2415 919 2450 a
948 2414 1033 2450 me
1063 2405 1556 2451 commemoratum
1582 2405 1691 2464 est,
1718 2392 1859 2450 «In-

124 2505 152 2533 »
172 2479 409 2538 visibilia
431 2482 574 2540 enim
600 2486 715 2558 ejus
742 2502 843 2562 per
857 2503 918 2539 ea
938 2501 1065 2560 quae
1082 2481 1228 2539 facta
1252 2494 1379 2539 sunt
1396 2480 1673 2539 intellecta
1691 2502 1860 2539 cons·-

126 2594 153 2621 >›
181 2568 501 2648 piciuntur1
533 2592 547 2626 ε
583 2597 610 2623 »
639 2590 738 2650 per
764 2568 821 2626 id
847 2568 999 2649 quod
1028 2566 1237 2642 factum
1262 2581 1340 2626 est
1365 2569 1423 2627 in
1455 2581 1705 2626 creatura
1727 2567 1860 2625 visi-

125 2656 258 2726 bili,
295 2670 355 2715 ut
383 2671 635 2738 parentes
667 2657 726 2715 id
766 2657 917 2738 quod
958 2657 1065 2737 ipsi
1109 2669 1237 2714 sunt
1288 2669 1543 2732 generent
1570 2703 1586 2728 ,
1623 2654 1861 2731 intellige

127 2744 453 2802 invisibilem
484 2747 826 2804 nativitatem
856 2745 971 2803 veri
1003 2743 1124 2802 Filii
1154 2744 1249 2801 Dei
1273 2790 1287 2814 ,
1317 2765 1384 2801 ne
1422 2746 1602 2802 Deum
1640 2744 1860 2802 Patrem

89 2889 97 2894 .
130 2831 280 2891 dicas
307 2832 364 2913 id
389 2833 539 2914 quod
560 2855 671 2892 non
697 2847 776 2892 est
805 2834 919 2914 ipse
949 2833 1209 2909 genuisse.
1257 2833 1314 2890 Si
1341 2845 1521 2890 autem
1547 2832 1656 2890 hoc
1676 2830 1865 2909 genuit

132 2920 280 3000 quod
311 2934 389 2978 est
409 2922 524 3002 ipse
550 2943 566 2980 ε
592 2943 757 2980 unam
775 2922 953 2981 Patris
984 2934 1037 2979 et
1075 2921 1199 2979 Filii
1235 2942 1343 2979 esse
1378 2919 1739 2979 substantiam
1774 2940 1864 2978 ne-

133 3029 258 3084 gare
287 3007 473 3069 nolite.
932 3022 936 3025 “

215 3097 370 3158 Vlll.
425 3098 456 3155 J
464 3102 682 3157 amvero
720 3100 998 3182 sequentia
1027 3120 1155 3182 quae
1185 3100 1261 3159 sic
1292 3098 1658 3170 connexuisti,
1708 3109 1771 3156 ut
1798 3096 1865 3156 de

136 3204 298 3244 cruce
322 3186 410 3246 vel
435 3187 810 3248 incarnatione
833 3188 1041 3250 Christi
1064 3187 1303 3270 probare
1336 3184 1498 3248 nobis
1524 3186 1685 3248 velles
1706 3183 1858 3267 quod

198 3290 211 3325 1
237 3292 355 3334 Rom.
383 3306 413 3346 ι,
443 3305 510 3334 20.
