2144 3808
549 327 619 367 m:
662 322 980 378 mmmm,
1029 326 1139 365 un.
1191 306 1270 367 xi.
1669 295 1793 379 45‘5'

68 425 197 464 cum
219 426 418 489 corpus
439 402 688 473 lucidum
708 408 1011 478 videretur,
1053 406 1425 487 paulatimque
1459 420 1512 466 et
1547 407 1790 489 quodam

68 494 234 552 modo
280 496 547 571 gradatim
584 495 888 555 deficiendo
923 494 1138 555 variari.
1190 494 1332 552 Nam
1370 508 1423 553 et
1458 496 1783 554 insertarum

68 582 418 641 fenestrarum
456 585 720 656 cancelli,
761 584 804 642 si
841 604 930 642 eos
966 582 1105 639 forte
1138 582 1518 654 intuebamur,
1555 605 1698 663 saepe
1733 584 1792 641 in

69 670 175 728 illis
204 693 507 751 apparuere
530 673 808 732 coloribus
835 694 848 729 :
879 684 940 729 ut
963 669 1308 729 manifestum
1331 670 1434 743 sit,
1458 672 1606 730 hanc
1633 673 1789 730 affec-

70 759 270 817 tionem
301 774 488 819 nostro
520 762 696 820 sensui
725 782 786 818 ex
817 783 877 819 ea
900 779 956 818 re
978 775 1104 840 quae
1134 758 1428 818 videbatur
1447 759 1781 840 impressam.

71 849 202 905 Erat
231 870 357 924 ergo
380 850 542 907 etiam
573 868 701 907 cum
726 848 1059 918 videremUS,
1082 858 1135 904 et
1161 846 1253 905 illa
1276 856 1390 905 erat
1412 848 1609 907 clarior
1630 862 1683 907 et
1707 870 1790 907 ex-

70 936 334 1014 pressior3
367 936 459 994 sed
487 936 719 994 multum
743 941 1040 1012 conjuncta
1062 955 1189 993 cum
1211 935 1389 1016 specie
1417 936 1492 993 rei
1522 937 1635 1012 ejus
1666 958 1794 1016 quae

71 1018 426 1096 cernebatur,
460 1038 521 1082 ut
543 1025 776 1083 discerni
800 1024 1024 1082 omnino
1056 1044 1166 1081 non
1193 1036 1404 1104 posset3
1437 1037 1490 1081 et
1529 1025 1649 1104 ipsa
1677 1038 1792 1082 erat

72 1106 225 1170 visin.
269 1112 582 1183 Quinetiam
619 1131 742 1171 cum
772 1113 1014 1170 lucernae
1055 1111 1332 1169 flammula
1365 1111 1529 1168 modo
1557 1110 1798 1191 quodam

73 1198 386 1258 divaricatis
409 1200 575 1259 radiis
609 1201 895 1259 oculorum
926 1199 1080 1280 quasi
1111 1200 1445 1275 geminatur,
1479 1199 1606 1257 duae
1626 1199 1787 1257 visio-

72 1309 164 1344 nes
189 1288 330 1345 fiunt
344 1335 358 1359 ‚
384 1310 508 1347 cum
527 1290 595 1347 sit
616 1311 697 1347 res
714 1310 822 1347 una
838 1310 964 1370 quae
980 1287 1215 1347 videtur.
1240 1287 1565 1364 Singillatim
1588 1287 1797 1367 quippe

74 1375 390 1434 afficiuntur
422 1377 590 1435 iidem
617 1377 756 1436 radii
793 1377 861 1435 de
883 1398 997 1435 ‘suo
1024 1377 1254 1457 quisque
1286 1376 1446 1434 oculo
1472 1376 1762 1434 emicantes
1781 1421 1796 1447 2

75 1462 210 1520 dum
235 1484 344 1521 non
369 1465 622 1523 sinuntur
641 1467 698 1523 in
718 1465 856 1524 illud
879 1485 1079 1545 corpus
1101 1464 1426 1522 intuendum
1450 1465 1655 1545 pariter
1675 1485 1804 1521 con-

68 1555 369 1632 juncteque
391 1574 715 1612 concurrere
737 1602 751 1626 ,
783 1567 837 1613 et
860 1575 1004 1612 unus
1028 1554 1124 1611 fiat
1147 1575 1207 1612 ex
1234 1566 1465 1634 utroque
1494 1553 1787 1611 contuitus.

76 1640 147 1697 Et
177 1639 299 1698 ideo
321 1641 554 1700 sinuum
594 1642 817 1701 oculum
845 1642 1225 1713 clauserimUS‚
1259 1662 1370 1698 non
1413 1639 1687 1717 geminum
1709 1640 1797 1716 ig-

74 1748 198 1785 nem
218 1775 233 1800 ‚
273 1729 545 1788 sed‘sicuti
574 1744 651 1788 est
678 1746 850 1788 unum
875 1730 1200 1789 videbimus
1241 1731 1356 1787 Cur
1381 1740 1558 1787 autem
1581 1728 1795 1786 sinistro

75 1815 256 1873 clauso
284 1815 377 1873 illa
413 1818 616 1898 species
658 1817 856 1876 desinit
894 1817 1067 1876 videri
1094 1837 1220 1897 quae
1257 1817 1326 1874 ad
1365 1817 1611 1874 dextrum
1642 1829 1792 1886 erat,

73 1903 418 1984 vicissimque
445 1905 631 1964 dextro
660 1906 842 1964 clauso
873 1905 964 1963 illa
988 1902 1361 1961 intermoritur
1389 1925 1514 1984 quae
1543 1903 1611 1961 ad
1634 1903 1798 1962 sinis—

74 2005 221 2050 trum
243 2006 392 2065 erat,
421 2005 474 2051 et
496 1993 721 2069 longum
750 1985 902 2051 est'et
923 1993 1001 2050 rei
1019 1992 1278 2072 praesenti
1297 2013 1410 2050 non
1437 1991 1798 2050 necessarium

75 2080 509 2160 mod01qu'aerere
536 2094 694 2162 atque
723 2081 997 2139 disserere.
1030 2078 1198 2150 Quod
1220 2080 1365 2137 enim
1390 2079 1459 2137 ad
1487 2091 1795 2158 susceptam

75 2168 428 2247 quaestionem
451 2170 576 2227 satis
602 2181 706 2238 est,
742 2168 845 2225 nisi
869 2169 1020 2225 fieret
1047 2166 1104 2223 in
1142 2187 1300 2224 sensu
1329 2180 1513 2224 nostro
1538 2165 1796 2246 quaedam

73 2254 252 2331 imago
275 2254 549 2313 simillima
574 2256 652 2313 rei
670 2260 783 2330 ejus
809 2273 976 2334 quam
1003 2253 1273 2311 cernimus
1291 2300 1306 2325 ‚
1345 2275 1458 2311 non
1495 2252 1798 2311 secundum

76 2336 360 2400 oculorum
386 2362 677 2401 numerum
709 2343 947 2400 flammae
982 2341 1186 2421 species
1229 2341 1590 2417 geminaretur
1612 2386 1626 2412 ,
1671 2361 1798 2398 cum

74 2430 303 2511 quidam
353 2431 609 2489 cernendi
653 2431 850 2488 modus
904 2430 1188 2488 adhibitus
1229 2429 1394 2487 fuerit
1412 2474 1426 2500 ,
1479 2429 1575 2509 qui
1627 2428 1799 2508 possit

73 2535 401 2575 concursum
423 2540 668 2599 separare
689 2518 985 2577 radiorum.
1019 2519 1095 2574 Ex
1117 2516 1457 2596 uno-quippe
1477 2516 1640 2574 oculo
1661 2537 1798 2595 quo-

74 2605 211 2663 libet
236 2605 404 2664 modo
431 2606 671 2665 deducto
694 2653 708 2676 ‚
746 2619 841 2664 aut
868 2607 1132 2686 impresso
1155 2651 1169 2676 ,
1215 2618 1310 2662 aut
1338 2605 1564 2676 intorto,
1598 2605 1641 2661 si
1667 2604 1800 2661 alter

77 2693 293 2752 clausus
313 2705 426 2766 est,
451 2688 747 2776 dupliciter
769 2694 941 2755 videri
962 2691 1170 2774 aliquid
1191 2691 1342 2772 quod
1365 2691 1432 2750 sit
1455 2707 1623 2751 unum
1645 2686 1798 2750 nullo

75 2794 240 2861 pacto
267 2794 464 2861 potest.

158 2870 223 2929 V.
277 2870 419 2942 Quae
448 2884 576 2929 cum
598 2871 673 2929 ita
704 2871 838 2943 sint,
879 2871 982 2928 tria
1010 2870 1135 2929 haec
1160 2870 1413 2950 quamvis
1451 2867 1660 2927 diversa
1694 2890 1798 2927 na-

76 2970 199 3015 tura
224 3003 237 3028 ‚
274 2957 739 3036 quemadmodum
771 2960 826 3017 in
857 2958 1153 3039 quamdam
1186 2958 1447 3016 unitatem
1478 2966 1801 3037 contempe-

76 3058 263 3102 rentur
284 3045 687 3104 meminerimus
707 3093 720 3118 ‚
747 3045 806 3104 id
835 3058 945 3118 est,
978 3046 1183 3127 species
1209 3044 1453 3126 corporis
1493 3059 1620 3126 quae
1642 3045 1800 3103 vide-

77 3145 168 3189 tur
186 3177 200 3203 ,
227 3144 281 3189 et
306 3131 566 3212 impressa
589 3138 703 3208 ejus
731 3135 909 3209 imago
933 3133 1108 3191 sensui
1129 3128 1279 3214 quod
1298 3144 1375 3190 est
1395 3132 1530 3191 visio
1553 3147 1802 3191 sensusve

80 3220 371 3294 sorniatu5‚
396 3234 450 3279 et
473 3220 725 3282 voluntas
755 3221 921 3281 animi
949 3243 1076 3302 quae
1099 3222 1175 3280 rei
1203 3220 1444 3280 sensibili
1473 3237 1686 3279 sensum
1712 3220 1805 3278 ad-
