2144 3808
361 312 579 352 com-BA
622 311 1283 365 Maxtiimuuamamm,
1329 313 1441 354 un.
1493 314 1558 354 11.
1727 295 1836 373 169

118 394 376 453 omnibus
407 394 592 474 epulas
621 392 967 455 ministravit.
1005 394 1148 469 Ergo
1174 394 1233 451 in
1260 394 1516 453 omnibus
1538 396 1717 454 Deum
1752 396 1842 455 vi—

121 483 220 543 dit.
275 485 506 563 Propter
560 481 712 562 quod
765 481 1055 562 Scriptura
1095 480 1420 561 praedixerat
1442 528 1456 549 ‚
1507 483 1660 562 quod
1697 485 1842 542 visus

116 571 296 628 fuerat
328 572 471 628 Deus
503 569 746 629 Abrahae
777 569 847 628 ad
886 590 1154 650 quercum
1193 569 1510 642 Mambre1,
1546 571 1649 628 sub
1687 576 1844 646 cuius

120 660 319 717 umbra
348 658 555 716 arboris
582 671 683 715 tres
717 657 1049 737 virospavit
1068 703 1083 727 ,
1114 677 1251 737 quos
1275 657 1448 715 oculis
1475 657 1720 739 corporis
1748 658 1840 716 vi-

119 746 200 803 dit
226 769 239 803 :
273 747 331 804 in
363 746 437 804 eis
459 767 590 805 vero
623 747 797 804 Deum
819 791 834 816 ,
873 767 987 803 non
1018 745 1262 825 corporis
1281 791 1296 816 ,
1339 745 1432 803 sed
1467 745 1647 804 cordis
1675 744 1846 804 oculis

122 833 291 903 vidit,
331 832 390 892 id
423 846 503 891 est
529 878 545 904 ,
591 832 853 892 intellexit
897 845 1060 912 atque
1108 831 1365 908 cognovit
1401 853 1415 889 ε
1449 832 1591 891 sicut
1614 832 1762 890 Loth
1789 831 1848 889 in

122 920 340 978 duobus
357 931 382 992 ,’
400 942 527 979 cum
550 942 661 1001 quo
684 941 793 977 non
817 919 1105 1000 pluraliter
1126 966 1141 991 ,
1168 919 1262 977 sed
1294 919 1639 996 singulariter
1663 919 1850 1000 loque-

120 1008 314 1078 batur,
372 1010 529 1090 eique
576 1008 948 1088 respondebat
1004 1008 1167 1066 etiam
1210 1008 1326 1086 ipse
1369 1020 1634 1087 tanquam
1680 1028 1838 1065 unus

121 1096 306 1153 Primo
326 1098 536 1177 quippe
556 1097 840 1155 Abrabam
866 1117 965 1176 per
991 1110 1092 1153 tres
1118 1096 1261 1153 viros
1282 1094 1440 1152 illum
1463 1094 1695 1165 audivit,
1720 1115 1848 1174 pos-

122 1195 206 1240 tea
230 1205 329 1263 per
353 1205 520 1242 unum
543 1231 558 1255 ,
593 1186 689 1264 qui
722 1183 940 1242 duobus
968 1183 1027 1240 in
1058 1182 1299 1240 Sodoma
1335 1183 1594 1240 euntibus
1626 1204 1851 1239 manens

124 1269 342 1329 locutus
363 1285 441 1329 est
463 1294 589 1330 cum
620 1294 682 1329 eo
709 1294 722 1329 ε
754 1271 903 1329 Loth
935 1284 1115 1329 autem
1137 1291 1236 1350 per
1260 1269 1397 1328 duos
1419 1317 1434 1341 ,
1466 1283 1644 1328 tamen
1667 1270 1854 1349 etipse

128 1381 300 1417 unum
329 1362 627 1419 Dominum
653 1408 668 1433 ,
700 1382 864 1442 quem
894 1382 996 1440 pro
1031 1359 1352 1417 liberatione
1384 1380 1479 1416 sua
1506 1359 1739 1434 rogabat
1758 1405 1772 1425 .‚
1800 1371 1855 1416 et

125 1446 222 1526 qui
258 1447 305 1504 ei
352 1449 754 1528 respondebat,
803 1448 1016 1505 audivit
1058 1469 1071 1503 ε
1122 1468 1246 1503 cum
1295 1448 1458 1504 ambo
1481 1493 1494 1516 ,
1540 1447 1596 1504 id
1650 1460 1764 1519 est,
1804 1460 1859 1505 et

130 1535 411 1593 Abraham
430 1551 483 1593 et
503 1539 672 1608 Loth,
695 1538 942 1594 homines
957 1549 1218 1615 putarent
1241 1557 1330 1592 eos
1351 1536 1446 1614 qui
1467 1535 1654 1611 Angeli
1673 1550 1854 1604 erant;

133 1623 307 1680 Deum
333 1645 460 1681 vero
485 1624 541 1681 in
568 1625 642 1683 eis
666 1625 1028 1699 intelligerent
1050 1623 1145 1702 qui
1170 1636 1284 1680 erat
1299 1669 1312 1693 ,
1332 1644 1443 1680 non
1465 1636 1739 1705 putarent*
1751 1645 1860 1681 esse

130 1711 226 1790 qui
254 1732 365 1767 non
398 1725 530 1770 erat.
569 1711 720 1783 Quid
745 1712 851 1769 sibi
880 1730 1006 1786 ergo
1036 1709 1156 1768 vult
1182 1711 1284 1767 ista
1313 1710 1542 1768 visibilis
1571 1711 1785 1768 trinitas
1808 1724 1860 1768 et

132 1798 486 1874 intelligibilis
520 1800 696 1858 unitas
719 1847 732 1871 ,
759 1801 864 1858 nisi
896 1813 957 1856 ut
983 1799 1143 1856 nobis
1172 1798 1572 1870 insinuaretur,
1607 1798 1759 1878 quod
1787 1799 1864 1856 ita

134 1899 238 1943 tres
262 1901 432 1945 essent
465 1890 628 1946 Pater
659 1901 712 1946 et
751 1889 919 1946 Filius
957 1901 1010 1945 et
1040 1888 1278 1968 Spiritus
1305 1899 1520 1944 sanctus
1539 1932 1554 1957 ,
1595 1898 1658 1943 ut
1682 1899 1864 1944 tamen

134 1974 294 2032 simul
315 1997 428 2032 non
461 1989 567 2034 tres
600 1975 687 2037 ,dii
725 1989 778 2034 et
815 1976 1022 2034 domini
1052 1987 1255 2045 essent,
1290 1973 1382 2031 sed
1415 1994 1556 2033 unus
1592 1974 1865 2032 Dominus

136 2063 321 2121 Deus?
349 2065 435 2122 Tu
459 2078 636 2123 autem
661 2065 842 2123 dixisti
866 2087 880 2122 t
908 2091 934 2117 «
959 2065 1065 2122 Hic
1092 2066 1238 2122 Deus
1259 2062 1406 2120 visus
1429 2075 1506 2119 est
1530 2062 1770 2120 Abrahae
1801 2084 1814 2118 ε
1838 2088 1865 2115 »

138 2151 308 2208 sciens
355 2164 406 2230 te
451 2152 640 2228 legisse
684 2153 833 2233 quod
871 2153 1140 2232 scriptum
1171 2164 1251 2208 est
1269 2197 1282 2221 ‚
1334 2149 1512 2207 visum
1556 2171 1664 2208 esse
1690 2151 1867 2208 Deum

137 2239 382 2297 ¹Abrahae
412 2239 480 2297 ad
509 2262 775 2319 quercum
811 2240 1058 2297 Mambre
1090 2261 1104 2296 ι
1143 2252 1197 2296 et
1225 2238 1412 2297 volens
1449 2238 1603 2317 quasi
1629 2238 1869 2318 probare

139 2327 438 2384 Dominum
474 2328 674 2385 Filium
703 2328 883 2385 visum
921 2348 1030 2385 esse
1064 2326 1145 2385 illi
1177 2324 1552 2397 Patriarchae,
1586 2324 1876 2383 declinasti

142 2415 214 2471 ab
254 2414 362 2473 illis
376 2415 569 2476 tribus
598 2416 761 2487 viriS,
797 2429 849 2473 ct
887 2437 977 2474 eos
1020 2414 1245 2473 omnino
1276 2413 1532 2483 tacuisti,
1573 2414 1634 2471 in
1666 2414 1872 2511 qui-bus

141 2515 328 2560 narrat
358 2503 645 2583 Scriptura
673 2506 850 2560 Deum
882 2503 1060 2561 visum
1090 2487 1256 2560 fuisse
1279 2500 1557 2569 Abrahae3
1582 2522 1649 2558 ne
1673 2514 1736 2558 tu
1756 2500 1872 2580 ipse

142 2611 240 2647 nos
277 2589 592 2649 admoneres
617 2590 779 2648 unius
806 2612 915 2648 esse
942 2590 1265 2648 substantiae
1297 2587 1625 2646 Trinitatem
1655 2587 1833 2644 Deum
1853 2632 1868 2658 ,

144 2679 285 2736 sicut
305 2680 464 2738 unius
477 2692 634 2737 erant
654 2678 976 2737 substantiae
996 2691 1100 2735 tres
1121 2677 1223 2735 viri
1241 2697 1380 2757 quos
1396 2673 1536 2734 vidit
1554 2673 1869 2732 Abraham:

146 2787 275 2825 cum
298 2766 636 2847 praedixisset
660 2767 948 2848 Scriptura
967 2814 982 2838 ‚
1018 2767 1175 2824 Visus
1199 2778 1278 2823 est
1299 2765 1447 2821 Deus
1474 2762 1747 2832 Abrahae,
1773 2783 1875 2821 nec

148 2867 330 2912 tamen
357 2867 461 2911 tres
485 2854 611 2912 deos
633 2872 740 2913 esse
762 2901 776 2926 ,
797 2855 928 2936 quia
955 2868 1008 2912 et
1029 2852 1187 2913 Visus
1210 2866 1290 2911 est
1316 2853 1462 2909 Deus
1480 2897 1495 2922 ,
1532 2849 1742 2908 dictum
1763 2863 1870 2919 est;

150 2964 260 3000 non
279 2989 294 3014 ,
332 2943 434 3000 visi
463 2955 590 3001 sunt
617 2943 694 3001 dii
726 2965 740 3000 ε
774 2957 827 3002 et
849 2944 965 3024 ipse
992 2942 1276 3001 Abraham
1304 2954 1409 2998 tres
1429 2938 1601 3011 vidit,
1625 2951 1679 2998 et
1700 2959 1874 2997 unum

153 3029 399 3090 adoravit
425 3053 438 3088 ε
477 3053 508 3089 a
534 3052 645 3112 quo
669 3033 939 3112 praeteriri
977 3031 1157 3090 noluit
1185 3053 1199 3088 z
1236 3030 1308 3088 ab
1338 3049 1450 3087 uno
1484 3048 1742 3109 responsa
1774 3026 1880 3085 Di-

153 3119 395 3178 vinitatis
421 3119 653 3200 accepit.
695 3122 808 3179 Nec
838 3120 1048 3202 aliquos
1073 3119 1214 3179 duos
1240 3138 1430 3179 eorum
1451 3116 1591 3176 duos
1616 3118 1727 3193 e'sse
1751 3113 1881 3173 deos

217 3222 230 3252 ¹
255 3226 360 3267 Gen.
386 3238 509 3275 xvm,
532 3239 568 3265 1.
