2144 3808
277 319 548 360 COLLATIO
593 318 707 356 CUM
750 315 1037 356 ΜΛΧΙΜΙΝΟ
1084 315 1421 358 ARIANORUM
1467 320 1642 360 EPlSC.
1736 321 1811 380 29

89 423 274 463 ramus
306 417 367 462 ut
395 402 697 472 doctorem,
726 413 787 458 ut
811 399 1151 469 ducatorem,
1190 411 1251 456 ut
1271 398 1715 473 illuminatorem,
1752 419 1813 464 ut

90 492 543 551 sanctificatorem
578 510 592 545 ε
634 488 919 546 Christum
963 486 1195 545 colimus
1224 500 1285 545 ut
1333 502 1663 550 creatorem:
1698 495 1812 553 Pa-

89 593 231 639 trem
281 600 408 637 cum
453 578 660 636 sincera
707 575 995 634 devotione
1040 573 1326 633 adoramus
1378 589 1439 634 ut
1490 592 1763 639 auctorem
1793 605 1807 640 :

89 687 253 747 quem
273 679 328 724 et
350 686 524 725 unum
553 676 826 723 auctorem
857 662 1064 742 ubique
1089 663 1346 721 omnibus
1366 668 1806 744 pronuntiamus,

88 755 216 814 Istae
243 754 387 813 enim
431 753 720 812 calumniae
749 751 816 809 de
847 749 1253 831 philosophicae
1289 753 1416 810 artis
1457 754 1813 816 instructione

88 843 332 902 veniunt.
364 843 488 900 Non
512 854 648 922 puto
679 853 730 898 te
759 839 938 897 minus
966 837 1151 914 legisse
1181 838 1332 919 quod
1361 841 1437 898 ait
1466 843 1760 922 Apostolus
1793 867 1807 902 ε

89 957 116 985 c<
150 931 424 1004 Quoniam
447 930 700 989 Christus
725 928 915 1009 utique
943 949 1071 986 cum
1092 949 1204 985 non
1227 941 1361 986 esset
1390 946 1674 1010 peccator,
1709 957 1813 1015 pro

9 1034 12 1037 ‘
89 1045 118 1072 2)
143 1020 302 1077 nobis
319 1032 611 1100 peccatum
631 1017 759 1075 fecit
777 1063 791 1088 ,
828 1028 890 1073 ut
913 1037 1010 1073 nos
1037 1015 1374 1074 efficeremur
1387 1019 1600 1093 justitia
1624 1023 1726 1080 Dei
1753 1023 1813 1080 in

90 1132 118 1160 2>
142 1107 318 1188 ipso1.
349 1135 375 1162 »
394 1109 508 1166 Nec
527 1107 638 1164 hoc
663 1127 787 1163 sane
813 1104 883 1163 ad
914 1118 965 1162 te
988 1104 1126 1163 forte
1149 1106 1431 1185 pervenit,
1453 1109 1602 1188 quod
1622 1110 1816 1169 dixerit

91 1195 376 1277 Scriptura
406 1219 420 1253 ι
455 1222 481 1248 «
514 1193 836 1253 Maledictus
867 1193 1042 1252 omnis
1086 1194 1182 1273 qui
1224 1193 1428 1274 pendet
1471 1197 1529 1254 in
1558 1198 1759 1274 lign02.
1788 1227 1813 1253 »

91 1283 256 1356 Quod
273 1285 634 1365 interpretans
655 1284 846 1341 beatus
866 1281 1144 1363 apostolus
1162 1281 1366 1340 Paulus
1388 1284 1554 1343 dicit:
1580 1313 1605 1340 «
1620 1289 1815 1347 Factus

89 1397 117 1425 >2
145 1394 246 1453 pro
274 1373 435 1431 nobis
454 1371 831 1443 maledictum,
852 1384 916 1429 ut
945 1370 1256 1429 benedictio
1278 1371 1335 1428 in
1357 1373 1609 1448 gentibus
1632 1376 1816 1434 adim-

90 1486 118 1514 »
145 1461 439 1541 plereturss.
475 1487 503 1515 ))
529 1461 643 1518 Nec
665 1460 775 1517 hoc
798 1481 923 1517 sane
952 1459 1201 1539 pervenit
1222 1458 1291 1516 ad
1317 1472 1367 1517 te
1385 1507 1399 1532 ,
1434 1462 1584 1541 quod
1606 1464 1680 1521 ait
1700 1465 1816 1544 ipse

90 1549 296 1609 Paulus
325 1572 339 1607 ε
370 1576 397 1603 «
419 1549 637 1606 Primus
657 1548 828 1605 homo
855 1547 1033 1605 Adam
1059 1547 1127 1604 de
1155 1560 1296 1605 terra
1311 1561 1555 1608 terrenus
1572 1598 1587 1623 ,
1620 1574 1818 1611 secun-

90 1664 118 1691 »
147 1637 250 1696 dus
278 1637 448 1696 homo
478 1635 748 1694 Dominus
781 1634 850 1692 de
877 1634 1021 1692 coelo
1055 1633 1288 1692 coelestis
1313 1635 1589 1696 advenitl‘.
1617 1666 1644 1692 »
1675 1642 1817 1717 Ergo

90 1739 145 1783 et
174 1726 426 1784 Christus
450 1723 688 1804 suscepit
716 1721 999 1780 hominem
1021 1768 1035 1792 ,
1074 1734 1135 1778 ut
1164 1722 1283 1801 ipse
1308 1724 1619 1822 exposuisti.
1654 1728 1723 1786 Et
1757 1751 1818 1787 ea

92 1813 160 1872 de
188 1836 352 1874 eausa
378 1813 648 1884 diximus,
691 1810 843 1892 quod
874 1810 942 1868 ad
977 1823 1184 1867 terrena
1227 1812 1478 1886 contagia
1516 1812 1813 1877 descendit.

93 1902 219 1961 Non
261 1904 404 1962 enim
459 1903 772 1991 ignoramus
804 1899 962 1957 illum
1010 1882 1312 1956 secundum
1357 1900 1508 1980 quod
1552 1901 1814 1979 legimUS,

34 2027 36 2029 ·
92 2018 120 2045 «
146 1992 257 2064 Qui
284 1987 575 2072 peccatum
605 2010 716 2047 non
744 1987 902 2059 fecit,
934 2008 1032 2044 nec
1057 1987 1308 2046 inventus
1343 2002 1422 2046 est
1462 1989 1660 2050 dolus
1645 2016 1704 2051 in
1729 2016 1820 2053 ore

48 2102 52 2105 ·
94 2105 122 2133 >³
156 2080 326 2160 ipsius
366 2102 379 2137 ε
429 2078 525 2159 qui
565 2099 693 2136 cum
733 2035 1180 2146 malediceretur,
1210 2097 1320 2133 non
1361 2078 1817 2152 remaledicebat3

94 2194 122 2222 »
150 2191 276 2228 cum
305 2181 582 2250 pateretur
600 2213 615 2238 ,
647 2187 759 2224 non
798 2164 1278 2223 comminabatur5
1306 2187 1319 2222 :
1343 2191 1370 2218 »
1396 2169 1821 2228 commendabat

96 2273 273 2317 autem
303 2280 357 2317 se
396 2256 672 2334 judicanti
708 2260 869 2331 juste.
907 2256 1020 2312 Nec
1049 2254 1158 2311 hoc
1194 2254 1504 2329 ignoramus
1549 2259 1703 2338 quod
1745 2261 1820 2318 ait

93 2346 342 2427 Baptista
371 2347 606 2403 Joannes
636 2367 698 2401 ια
719 2345 861 2400 Ecce
880 2343 1065 2418 Agnus
1095 2341 1218 2411 Dei,
1244 2363 1367 2400 ecce
1398 2346 1494 2423 qui
1522 2346 1663 2405 tollit
1683 2370 1821 2428 pec-

10 2449 19 2454 *
96 2460 124 2487 »
153 2448 340 2493 catum
368 2432 561 2491 mundi
579 2432 619 2490 6.
646 2457 671 2484 »
697 2430 947 2500 Constat,
974 2443 1034 2487 ut
1054 2442 1105 2487 et
1125 2428 1241 2510 ipse
1257 2446 1578 2510 prosecutus
1605 2457 1674 2496 es,
1705 2439 1819 2497 Nec

95 2522 241 2580 enim
266 2521 335 2580 ad
360 2521 542 2578 omnia
571 2518 831 2577 obstinati
853 2538 961 2574 esse
983 2517 1245 2575 debemus
1263 2564 1278 2590 ,
1309 2532 1370 2576 ut
1395 2541 1507 2578 non
1532 2543 1657 2602 quae
1681 2525 1819 2584 bene

97 2609 234 2668 dicis
251 2609 555 2668 laudemus
583 2604 755 2667 Valde
778 2604 920 2662 enim
947 2609 1092 2680 justa
1110 2617 1189 2661 est
1210 2608 1520 2684 prosecutio
1541 2623 1630 2669 tua
1645 2657 1656 2679 ‚
1689 2608 1822 2693 quia

97 2697 170 2756 ob
198 2697 308 2755 hoc
329 2696 477 2756 venit
498 2694 750 2754 Christus
771 2740 785 2764 ,
808 2705 870 2750 ut
889 2713 986 2751 nos
1005 2693 1190 2772 potius
1221 2715 1250 2749 a
1273 2696 1513 2773 peccatis
1539 2710 1592 2754 et
1617 2699 1687 2757 ab
1708 2700 1819 2759 ini-

98 2786 404 2867 quitatibus
427 2783 749 2851 mundaret3
774 2804 884 2840 non
920 2796 1098 2840 tamen
1123 2794 1184 2839 ut
1201 2782 1315 2861 ipse
1333 2786 1816 2863 contaminaretur,

98 2877 241 2934 sicut
260 2887 314 2932 et
334 2874 449 2953 ipse
470 2884 789 2953 prosecutus
808 2892 878 2929 es.
906 2870 1130 2928 Certum
1153 2883 1231 2928 est
1254 2871 1395 2929 enim
1417 2874 1602 2954 ,quod
1634 2898 1822 2937 secun-

100 2964 235 3024 dum
269 2962 570 3023 divinitatis
616 2982 728 3020 suae
768 2960 1126 3019 substantiam
1172 2959 1323 3018 illam
1366 2960 1581 3021 beatam
1604 2989 1821 3048 ,quam

8 3101 15 3104 -
97 3055 302 3116 habuit
321 3065 443 3112 ante
459 3051 655 3110 mundi
670 3045 1137 3122 constitutionem,
1161 3063 1284 3109 ante
1305 3012 1819 3126 saecula,a1itetem-

161 3183 176 3212 ¹
198 3197 221 3222 2
244 3184 336 3222 Cor.
364 3195 405 3232 v,
435 3193 507 3222 21.
523 3202 575 3209 -—
596 3176 754 3220 ²Deut.
774 3192 856 3227 xxi,
875 3180 943 3220 23.
950 3202 1003 3210 -
1024 3175 1428 3232 3Galat.1n,13.-
1505 3193 1521 3218 1
1545 3180 1637 3222 Cor.
1659 3195 1727 3235 xv,
1754 3193 1822 3236 47.

103 3246 193 3280 -5
214 3262 231 3288 1
258 3250 520 3307 Petr.11322.
549 3269 600 3277 -
619 3241 759 3287 ⁶Joan
795 3259 824 3295 1,
852 3258 922 3296 ²9·
