2144 3808
312 338 582 380 COLLATIO
628 337 743 377 CUM
786 336 1076 377 ΜΛΧΙΜῙΝΟ
1123 336 1457 382 ARIANORUM
1502 343 1676 386 EPISC.
1778 328 1845 387 13

124 420 285 479 istam
315 441 429 479 rem
457 419 528 477 ad
551 418 713 477 aliam
737 438 954 477 causam
981 418 1263 480 divertisti.
1301 422 1412 480 Nos
1437 425 1582 484 enim
1604 450 1714 488 non
1738 429 1850 489 dif-

127 508 372 580 fidimus,
390 507 483 567 sed
501 520 648 566 certa
663 520 1047 583 cognoscentes
1062 508 1193 581 fide,
1214 509 1363 590 quod
1375 525 1489 570 erat
1499 534 1595 571 cor
1607 529 1660 573 et
1670 519 1849 577 anima

121 616 230 655 una
245 595 494 654 omnium
521 594 883 655 credentium.
915 595 1029 654 Nec
1049 597 1191 655 enim
1223 598 1334 657 hoc
1359 601 1690 680 praejudicat
1717 607 1850 664 reli-

122 684 270 762 gioni
284 699 509 758 nostrae,
534 684 627 744 sed
648 685 816 761 magis
835 685 1153 746 concordat.
1180 685 1308 745 Sine
1324 687 1496 747 dubio
1510 691 1653 749 enim
1671 693 1714 751 si
1728 715 1851 752 om·-

121 772 278 832 nium
306 772 646 832 credentium
661 786 777 832 erat
797 794 892 832 cor
907 785 960 830 et
989 773 1169 831 anima
1200 795 1329 847 una,
1357 797 1524 857 quare
1547 792 1727 838 autem
1740 780 1852 840 non

122 861 286 920 Pater
313 875 366 921 et
396 861 564 920 Filius
589 875 643 920 et
667 861 905 943 Spiritus
932 874 1152 920 sanctus
1172 862 1232 921 in
1252 885 1538 939 consenSU,
1561 867 1617 925 in
1645 890 1850 930 conve-

122 948 349 1022 nientia,
369 949 428 1008 in
444 949 732 1022 charitate,
754 951 813 1008 in
835 949 1214 1019 unanimitate,
1239 972 1410 1011 unum
1426 975 1535 1013 esse
1553 955 1848 1017 dicantur?

126 1036 278 1109 Quid
296 1037 440 1095 enim
459 1037 587 1096 fecit
603 1040 643 1095 F
645 1038 792 1110 ilius,
810 1037 962 1119 quod
975 1059 1086 1096 non
1104 1039 1319 1119 placuit
1334 1042 1524 1102 Patri?
1542 1043 1694 1116 Quid
1711 1067 1852 1125 prae-

127 1124 274 1204 cepit
302 1126 484 1197 Pater,
504 1126 562 1184 in
586 1127 792 1207 quibus
809 1147 919 1185 non
941 1126 1345 1207 obtemperavit
1369 1129 1579 1189 Filius?
1616 1132 1855 1204 Quando

126 1212 272 1270 enim
296 1212 535 1293 Spiritus
561 1227 781 1272 sanctus
808 1214 1083 1274 contraria
1109 1214 1333 1273 Christo
1367 1230 1462 1275 aut
1499 1220 1652 1277 Patri
1681 1220 1858 1279 tradi-

128 1298 211 1358 dit
226 1301 521 1361 mandata‘?
548 1304 619 1360 Et
638 1307 851 1362 Constat
870 1301 1172 1361 secundum
1192 1302 1490 1364 Salvatoris
1510 1309 1854 1380 sententiam,

125 1389 277 1470 quod
309 1390 420 1448 ait:
451 1417 478 1445 c<
502 1392 618 1467 Ego
648 1405 701 1450 et
729 1392 892 1449 Pater
931 1412 1102 1450 unum
1149 1392 1374 1451 sumus1
1403 1416 1419 1451 ε
1444 1421 1472 1449 »
1513 1417 1622 1455 esse
1645 1396 1767 1454 illos
1799 1398 1857 1455 in

128 1477 422 1537 concordia
448 1492 501 1537 et
524 1479 583 1537 in
605 1501 871 1538 consensu
904 1500 1096 1538 unum.
1128 1480 1288 1538 Sicut
1308 1495 1488 1540 autem
1515 1484 1631 1564 ipse
1652 1484 1859 1565 profes-

129 1587 217 1624 sus
237 1587 323 1638 33,
352 1567 520 1626 Pater
548 1569 710 1626 Pater
734 1580 841 1638 est,
876 1567 974 1647 qui
1000 1588 1286 1647 nunquam
1315 1569 1423 1627 fuit
1447 1570 1611 1630 Filius
1635 1598 1650 1641 3
1692 1572 1859 1632 Filius

129 1654 299 1713 Filius
325 1668 425 1728 est,
463 1655 560 1736 qui
588 1676 802 1736 semper
831 1653 999 1712 Filius
1037 1667 1253 1712 manet:
1293 1668 1346 1713 et
1375 1657 1613 1736 Spiritus
1645 1673 1861 1718 sanctus

132 1739 368 1822 Spiritus
397 1756 615 1802 sanctus
635 1756 748 1814 est,
783 1741 935 1823 quod
964 1754 1044 1800 est
1080 1755 1133 1800 et
1158 1742 1310 1822 quod
1338 1742 1565 1819 legimus
1587 1792 1601 1817 ,
1629 1747 1862 1826 profite-

130 1851 255 1889 mur
276 1830 344 1890 de
373 1832 600 1913 ,Spiritu
625 1845 811 1891 sancto
831 1878 844 1903 ,
878 1831 937 1890 in
955 1832 1108 1890 hunc
1135 1831 1406 1912 Spiritum
1437 1848 1686 1893 sanctum
1707 1882 1722 1907 ,
1765 1836 1862 1916 qui

132 1933 316 1979 tantus
332 1942 393 1980 ac
413 1921 532 1979 talis
549 1934 649 1993 est,
665 1934 724 1979 ut
738 1920 901 1979 etiam
919 1920 1106 1996 Angeli
1122 1920 1228 2001 ipsi
1244 1922 1640 2002 concupiscant
1659 1923 1718 1982 in
1736 1945 1862 1982 eum

132 2008 444 2088 prospicere
467 2009 510 2068 2.
549 2008 760 2066 Tantus
788 2020 866 2066 est
886 2007 985 2065 iste
1010 2007 1247 2087 Spiritus
1270 2021 1510 2082 sanctu3,
1540 2023 1601 2068 ut
1630 2010 1864 2069 sufficiat

134 2096 344 2177 ubique
382 2097 630 2156 omnium
675 2096 1067 2178 postulationes
1094 2096 1395 2177 suscipere,
1425 2110 1478 2155 et
1505 2097 1862 2158 advocatione

135 2183 308 2261 fungi.
331 2186 401 2243 Et
429 2186 486 2244 in
509 2185 620 2244 hoc
649 2198 840 2244 testem
863 2185 1084 2266 profero
1104 2185 1329 2244 beatum
1351 2185 1609 2258 Paulum,
1631 2187 1730 2268 qui
1747 2188 1822 2245 ait
1845 2210 1859 2245 :

138 2300 165 2327 «
181 2275 320 2333 Nam
343 2274 479 2356 quid
495 2296 707 2333 oremus
725 2276 867 2334 sicut
898 2287 1139 2355 oportet,
1162 2276 1432 2333 nescimus
1448 2321 1462 2345 ,
1487 2274 1578 2332 sed
1602 2275 1716 2356 ipse
1742 2276 1867 2357 Spi-

139 2388 167 2416 ›>
197 2361 334 2419 ritus
356 2362 598 2442 postulat
616 2384 718 2442 pro
747 2362 909 2420 nobis
937 2362 1231 2438 gemitibus
1259 2362 1720 2421 inenarrabilibus
1761 2363 1802 2424 3.
1838 2391 1865 2417 >2

140 2449 305 2522 Quod
323 2449 441 2526 lego
460 2449 646 2521 cred0,
666 2455 796 2530 quia
817 2449 1109 2525 gemitibus
1135 2450 1598 2509 inenarrabilibus
1625 2450 1867 2531 postulat

142 2537 376 2619 Spiritus
387 2551 620 2598 sanctus,
650 2537 854 2595 Etideo
876 2538 979 2595 isto
1003 2538 1249 2596 eruditus
1265 2539 1569 2615 magisterio
1582 2539 1639 2597 in
1653 2553 1866 2598 tantum

143 2625 268 2685 dico
285 2628 591 2703 subjectum
620 2647 730 2685 esse
756 2626 1024 2706 Spiritum
1052 2640 1325 2697 sanctum,
1346 2641 1407 2685 ut
1428 2627 1718 2702 gemitibus
1738 2650 1871 2707 pos-

143 2714 281 2774 tulet
307 2737 409 2796 pro
438 2715 617 2775 nobis,
653 2716 840 2772 Unum
874 2727 1053 2781 antem
1083 2715 1348 2794 profiteor
1398 2714 1606 2784 Deum,
1658 2735 1769 2772 non
1809 2728 1870 2773 ut

145 2817 251 2862 tres
269 2824 409 2863 unus
435 2803 525 2875 sit,
551 2802 643 2861 sed
671 2823 812 2860 unus
833 2807 984 2860 Deus
1011 2815 1111 2873 est,
1140 2800 1610 2882 incomparabiliS,
1645 2801 1870 2863 immen-

146 2912 256 2964 3113,
287 2890 555 2962 infinitus,
594 2891 840 2961 innatUS,
864 2888 1154 2949 invisibilis
1196 2910 1358 2969 quem
1398 2901 1451 2946 et
1475 2888 1642 2947 Filius
1666 2889 1784 2969 ipse
1820 2904 1874 2949 et

149 2979 324 3044 oravit
342 2992 395 3038 et
420 2992 560 3050 orat,
583 2978 731 3060 apud
749 2999 912 3060 quem
934 2991 987 3036 et
1016 2978 1252 3058 Spiritus
1282 2990 1498 3036 sanctus
1521 2976 1877 3037 advocatione

148 3065 414 3143 fungitur.
460 3067 600 3125 Nam
642 3066 770 3148 quia
805 3080 925 3124 orat
961 3065 1129 3124 Filius
1174 3067 1422 3139 Patrem,
1458 3065 1705 3146 quamvis
1730 3067 1876 3125 enim

151 3155 363 3215 soleatis
379 3155 560 3214 omnia
580 3154 675 3213 illa
688 3155 997 3214 testimonia
1015 3176 1141 3236 quae
1162 3155 1220 3214 in
1245 3168 1431 3214 sancto
1454 3154 1683 3230 legimus
1700 3156 1878 3215 Evan-

213 3259 227 3288 ¹
247 3262 366 3304 Joan.
386 3273 428 3311 x,
452 3260 521 3302 30.
540 3281 592 3290 -
610 3255 630 3287 ²
656 3272 672 3297 1
696 3261 802 3302 petr.
825 3273 856 3310 1,
881 3273 946 3303 ια.
969 3280 1021 3290 -·
1042 3254 1060 3286 ³
1086 3262 1203 3303 Rom.
1227 3272 1320 3315 vm,
1344 3260 1413 3302 26.
