2144 3808
598 341 670 396 m}
711 335 1033 399 sanum&
1074 340 1186 398 1213-
1225 341 1340 396 ψ.
1714 323 1831 413 έιρξι

114 420 346 478 istorum
369 421 606 479 duorum
635 443 760 501 quae
790 442 888 479 nos
918 421 1200 500 posuimus
1240 421 1639 480 evidentissima
1673 421 1835 481 diffe-

117 510 289 566 rentia
315 521 420 578 est,
446 508 597 589 quod
625 508 728 567 alia
750 508 818 566 sit
839 507 1218 566 intellectualis
1241 508 1479 584 cognitio
1509 522 1836 568 aeternarum

117 615 332 666 rerum,
368 596 470 653 alia
505 595 783 654 rationalis
822 595 1233 675 temporalium,
1265 609 1317 653 et
1352 595 1484 653 huic
1511 596 1658 653 illam
1688 603 1841 676 prae-
1891 617 1896 622 ·

116 681 427 762 ponendam
458 705 566 742 esse
599 683 828 758 ambigit
850 704 1028 741 nemo,
1058 682 1518 762 Relinquentibus
1541 683 1727 763 itaque
1750 706 1843 761 nq-

118 768 206 825 bis
227 789 287 826 ea
315 790 440 849 quae
469 783 597 827 sunt
625 770 896 829 exterioris
931 768 1203 839 hominiS‚
1251 783 1303 826 et
1336 769 1505 826 abeis
1535 791 1661 849 quae
1686 792 1844 828 com—

120 855 307 913 munia
370 878 494 914 cum
549 857 843 936 pecoribus
887 856 1158 913 habemus
1212 856 1506 913 introrsum
1565 858 1846 915 ascendere

120 943 494 1023 cupientibus,
525 957 816 1027 antequam
839 943 909 1001 acl
934 944 1299 1021 cognitionem
1324 965 1505 1012 rer-um
1530 944 1844 1022 intelligibi-

118 1028 258 1104 lium
289 1043 449 1112 atque
474 1052 808 1098 ,summarum
834 1052 961 1111 quae
986 1032 1329 1111 sempiternae
1353 1046 1479 1095 sunt
1507 1032 1811 1100 veniremus
1828 1078 1842 1099 ‚

123 1118 507 1199 temporalium
550 1141 730 1192 rerum
773 1119 1013 1194 cognitio
1052 1119 1329 1188 rationalis
1360 1120 1616 1186 occurrit.
1666 1120 1848 1179 Etiam

123 1205 182 1280 itt
210 1205 318 1278 hac
338 1207 504 1281 igitur
523 1207 892 1280 inveniamu3‚
922 1207 963 1266 si
1002 1229 1286 1288 possumus
1309 1254 1322 1278 ,
1359 1207 1598 1287 aliquam
1630 1208 1845 1265 trinita-

127 1305 264 1364 tem,
317 1294 456 1352 sicut
494 1295 905 1368 inveniebamus
931 1294 988 1351 in
1027 1295 1269 1352 sensibus
1306 1295 1586 1373 corporiS‚
1620 1308 1673 1352 et
1708 1294 1850 1351 iniis
1918 1347 1929 1354 ,

127 1400 253 1460 quae
280 1402 379 1459 per
398 1403 488 1439 eos
509 1383 566 1439 in
589 1382 825 1439 animam
861 1381 947 1440 vel
978 1382 1230 1461 spiritum
1260 1395 1504 1439 nostrum
1535 1380 1848 1456 imaginali-

128 1481 209 1524 ter
232 1468 573 1532 intraverunt
593 1495 606 1536 3
633 1483 694 1527 ut
714 1490 818 1548 pro
843 1468 1220 1548 corporalibus
1243 1469 1406 1526 rebus
1426 1489 1562 1548 quas
1585 1488 1848 1547 corporeo

127 1553 259 1612 foris
286 1556 487 1635 positas
516 1556 832 1632 attingimus
864 1577 1018 1613 sensu
1042 1603 1055 1626 ,
1094 1556 1241 1614 intus
1266 1577 1561 1636 corporum
1588 1554 1847 1612 similitu-

130 1643 281 1703 dines
306 1645 629 1703 haberemus
654 1646 937 1726 impressas
959 1646 1262 1716 memoriae,
1288 1666 1346 1702 ex
1371 1645 1571 1729 quibus
1594 1643 1850 1720 cogitatio

129 1729 493 1804 formaretur,
530 1733 687 1791 tertia
729 1734 1010 1817 voluntate
1045 1747 1338 1813 utrumque
1374 1731 1633 1808 jungente
1671 1753 1685 1787 t
1719 1731 1859 1788 sicut

131 1815 478 1882 formabatur
504 1820 633 1879 foris
663 1809 803 1878 acies
826 1820 1112 1878 oculorum
1137 1867 1150 1895 ‚
1177 1825 1343 1901 quam
1365 1816 1614 1891 voluntas
1640 1832 1702 1891 ut
1722 1819 1856 1875 visio

134 1904 285 1962 fieret
306 1905 610 1979 adhibebat
632 1907 708 1965 rei
730 1906 960 1977 visibili,
986 1920 1039 1964 et
1060 1920 1355 1986 utrumque
1370 1906 1669 1985 jungebat,
1692 1906 1857 1981 etiam

105 2058 107 2060 ,
133 1991 246 2050 illic
273 1993 391 2092 ipsa
411 2016 463 2052 se
487 1996 780 2060 admovens
808 1995 1042 2068 tertiam.
1074 1994 1180 2055 Sed
1203 2016 1314 2066 non
1334 2008 1412 2058 est
1433 1995 1542 2053 hoc
1567 2007 1856 2066 coarctan-

137 2079 270 2146 dum
300 2102 358 2143 111
385 2081 538 2155 hunc
567 2083 771 2158 librum
795 2130 809 2158 ,
838 2096 899 2155 ut
917 2084 979 2152 iu,
996 2104 1058 2141 eo
1087 2084 1183 2162 qui
1214 2083 1460 2162 sequitur
1483 2129 1496 2150 ‚
1530 2083 1573 2140 si
1598 2085 1743 2149 Deus
1765 2080 1858 2138 ad-

131 2168 365 2250 juverit,
412 2171 795 2243 convenienter
832 2169 1006 2250 possit
1042 2168 1284 2248 inquiri,
1320 2182 1372 2227 et
1401 2169 1551 2249 quod
1577 2170 1860 2242 inventum

139 2253 301 2313 fuerit
328 2256 606 2335 explicari.
1130 2288 1133 2291 ¹
