2144 3808
277 324 391 382 532
808 343 850 379 s.
907 341 1215 381 Auecs'rim
1236 388 1238 390 ,
1258 343 1514 381 EPISCOPI

272 438 383 483 tem
411 423 470 482 in
504 423 792 500 aenigmate
818 437 871 482 et
898 446 998 505 per
1022 425 1308 506 speculum
1345 425 1712 483 contuendam
1745 427 2003 485 exercita-

257 513 412 570 tione
435 511 493 569 in
519 511 607 569 his
637 510 989 570 inferioribus
1013 514 1176 570 rebus
1215 525 1394 570 mente
1419 511 1758 573 veniamus&
1823 514 2003 589 Hujus

270 600 438 676 igitur
458 600 627 659 verba
650 599 780 659 fidei
804 601 1050 681 quisquis
1070 602 1127 659 in
1151 601 1277 659 solis
1298 602 1531 660 vocibus
1557 602 1833 661 me'moriae
1857 625 2004 662 com·
2046 598 2049 601 ¹

268 689 629 774 mendaverit,
671 689 914 748 nesciens
953 690 1088 771 quid
1130 690 1467 766 significent3
1505 691 1646 748 sicut
1686 691 1859 750 solent
1905 693 2003 773 qui

266 797 443 852 graece
465 777 706 839 nesciunt
733 823 748 850 ,
782 799 960 853 graeca
993 779 1162 837 verba
1188 791 1364 836 tenere
1408 780 1742 847 memoriter,
1784 780 1870 839 vel
1917 780 2003 839 la-

254 865 386 924 ‘tina
431 866 676 925 similiter
693 914 707 939 ,
750 867 836 926 vel
887 873 1151 949 cujusque
1200 868 1421 927 alterius
1464 869 1668 945 linguae
1686 916 1702 941 ,
1751 869 1848 949 qui
1890 875 2005 946 ejus

261 952 440 1029 ignari
472 967 636 1012 sunt:
661 977 843 1013 nonne
870 956 1040 1013 habet
1072 955 1370 1035 quamdam
1396 957 1472 1039 *in
1497 978 1594 1014 suo
1626 958 1807 1014 animo
1839 959 2003 1016 trini-

260 1053 427 1099 tatem
449 1046 490 1100 3»
507 1037 708 1121 quiaet
730 1043 789 1098 in
822 1044 1083 1099 memoria
1108 1057 1234 1100 sunt
1251 1043 1331 1100 illi
1357 1039 1649 1102 verborum
1672 1046 1811 1116 soni,
1841 1046 2003 1105 etiam

263 1129 488 1208 quando
517 1128 646 1186 inde
665 1150 779 1186 non
800 1130 1024 1205 cogitat,
1052 1143 1106 1188 et
1131 1130 1260 1188 inde
1279 1130 1550 1190 formatur
1581 1133 1718 1190 acies
1746 1134 2006 1194 recorda-

267 1217 431 1275 tionis
450 1222 588 1293 ejuS,
617 1218 839 1297 quando
861 1218 928 1276 de
953 1219 1041 1277 his
1063 1220 1264 1295 cogitat
1284 1245 1298 1288 ;
1327 1234 1380 1278 et
1395 1222 1646 1280 voluntas
1670 1222 2005 1281 recordantis

263 1319 428 1386 atque
449 1306 738 1382 cogitantis
765 1321 1060 1388 utrumque
1087 1310 1390 1386 conjungit.
1443 1310 1608 1368 Nullo
1633 1310 1798 1369 modo
1822 1324 2004 1370 tamen

263 1393 557 1454 dixerimus
581 1395 743 1453 istum
762 1443 776 1468 ,
812 1418 940 1455 cum
967 1397 1077 1455 hoc
1100 1399 1231 1473 agit,
1264 1398 1566 1457 secundum
1593 1399 1887 1458 trinitatem
1911 1401 2003 1458 in-

262 1483 474 1541 terioris
507 1484 748 1542 hominis
782 1507 935 1561 agere
954 1533 967 1555 ,
1003 1486 1094 1544 sed
1129 1488 1313 1566 potius
1340 1488 1610 1546 exterioris
1640 1511 1654 1545 ε
1679 1488 1808 1568 quia
1829 1488 1889 1546 id
1911 1510 2002 1547 so-

260 1571 380 1630 lum
420 1574 688 1643 meminit,
737 1588 790 1631 et
817 1575 1040 1655 quando
1070 1575 1191 1634 vult
1213 1623 1226 1647 ,
1273 1591 1544 1656 quantum
1576 1576 1698 1634 vult
1732 1577 1997 1650 intuetur,

263 1660 417 1741 quod
445 1661 514 1718 ad
544 1683 759 1720 sensum
788 1664 1036 1744 corporis
1066 1665 1332 1744 pertinet,
1374 1666 1470 1746 qui
1492 1678 1724 1723 vocatur
1747 1665 1964 1724 auditus
1982 1711 1997 1735 ,

262 1770 365 1806 nec
394 1749 542 1807 aliud
566 1771 733 1830 quam
753 1751 1123 1831 corporalium
1145 1774 1327 1810 rerum
1345 1799 1358 1823 ,
1380 1753 1437 1810 id
1463 1767 1560 1823 est,
1593 1775 1873 1824 sonorum,
1905 1752 2003 1811 tali

276 1838 606 1914 cogitatione
632 1840 893 1916 imagines
916 1856 1109 1901 versat.
1136 1841 1193 1899 Si
1216 1855 1396 1899 autem
1426 1841 1577 1922 quod
1591 1843 1758 1901 Verba
1774 1842 1868 1900 illa
1889 1842 2001 1918 sig-

267 1926 519 1998 nificant,
551 1942 730 1986 teneat
754 1943 806 1986 et
837 1930 1076 1998 recolat3
1103 1936 1219 2005 jam
1242 1930 1465 2009 quidem
1494 1931 1703 2010 aliquid
1732 1930 2003 1989 interioris

261 2012 504 2071 hominis
525 2015 636 2090 agit
669 2038 683 2072 ε
717 2016 810 2073 sed
839 2017 1085 2074 nondum
1107 2017 1374 2076 dicendus
1399 2019 1484 2076 vel
1507 2019 1786 2098 putandus
1809 2033 1887 2078 est
1910 2020 2000 2078 vi-

261 2121 387 2160 vere
431 2102 734 2166 secundum
768 2105 1038 2167 interioris
1073 2106 1312 2163 hominis
1343 2106 1665 2178 trinitatem,
1712 2107 1756 2164 si
1791 2129 1852 2165 ea
1888 2129 2000 2166 non

262 2189 456 2267 diligat
490 2212 617 2271 quae
646 2191 729 2249 ihi
761 2192 1160 2272 praedicantur,
1191 2194 1620 2274 praecipiuntur,
1659 2195 1998 2275 promittun-

263 2291 372 2338 tur.
411 2282 594 2336 Potest
622 2279 767 2337 enim
796 2280 961 2338 etiam
989 2281 1060 2339 ad
1083 2284 1193 2339 hoc
1216 2295 1395 2340 tenere
1428 2295 1588 2363 atque
1623 2284 1861 2359 cogitare
1881 2331 1895 2355 ,
1937 2297 2000 2342 ut

226 2427 231 2432 .
259 2365 394 2424 salsa
414 2388 524 2425 esse
544 2368 850 2426 existimans
868 2415 882 2440 ,
912 2384 1140 2428 conetur
1165 2371 1328 2428 etiam
1367 2371 1706 2447 redarguere.
1737 2372 1999 2431 Voluntas

263 2477 391 2532 ergo
411 2455 527 2527 illa,
556 2477 682 2536 quae
701 2457 782 2514 ibi
811 2463 1098 2535 conjungit
1126 2482 1186 2517 ea
1211 2481 1338 2542 quae
1363 2461 1625 2518 memoria
1646 2461 1994 2533 tenebantur,

263 2557 316 2602 et
341 2566 401 2602 ea
431 2565 556 2624 quae
582 2544 710 2602 inde
737 2545 794 2602 in
832 2547 946 2603 acie
969 2548 1310 2623 cogitationis
1334 2548 1594 2628 impressa
1621 2561 1778 2620 sunt,
1805 2548 1999 2629 implet

261 2631 488 2712 quidem
524 2629 780 2712 aliquam'
792 2633 1112 2707 trinitatem,
1147 2656 1277 2693 cum
1303 2635 1422 2715 ipsa
1449 2636 1518 2693 sit
1540 2636 1697 2693 tertia
1725 2658 1738 2692 ε
1766 2636 1858 2693 sed
1885 2658 1999 2694 non

263 2718 566 2776 secundum
589 2741 706 2792 eam
736 2721 960 2793 vivitur,
986 2722 1209 2803 quando
1242 2722 1333 2780 illa
1363 2744 1488 2804 quae
1516 2724 1825 2798 cogitantur
1848 2725 1999 2784 velut

260 2805 395 2866 falsa
426 2829 538 2864 non
567 2801 808 2887 ²'placent
863 2809 1006 2866 Cum
1046 2823 1224 2867 autem
1263 2831 1389 2869 vera
1435 2832 1544 2868 esse
1585 2810 1905 2883 creduntur,
1945 2826 1999 2871 et

261 2916 389 2975 quae
411 2894 492 2952 ibi
515 2895 792 2971 diligenda
817 2910 943 2954 sunt
967 2897 1295 2974 diliguntur,
1319 2902 1434 2974 jam
1465 2898 1767 2956 secundum
1787 2900 1997 2958 trinita-

263 2996 371 3041 tem
391 2982 662 3041 interioris
682 2984 924 3042 hominis
959 2986 1165 3044 vivitur
1198 3009 1212 3044 ε
1239 2986 1438 3044 secund
1450 3007 1539 3043 um
1561 2987 1671 3044 hoc
1691 2987 1836 3045 enim
1863 2988 1998 3047 vivit

258 3069 490 3149 quisque
518 3071 671 3150 quod
714 3071 911 3148 diligit.
969 3073 1262 3144 Quomodo
1308 3087 1489 3132 autem
1539 3074 1835 3150 diligantur
1868 3097 1995 3156 quae

254 3157 596 3230 nesciuntur,
637 3158 729 3217 sed
779 3173 994 3218 tantum
1039 3163 1388 3222 creduntur?
1444 3165 1567 3220 Jam
1612 3164 1842 3242 quaestio
1892 3164 1993 3223 ista

310 3263 324 3291 ¹
350 3278 365 3302 1
398 3265 489 3304 Cor.
507 3276 604 3315 xta,
628 3265 697 3306 32.
