2144 3808
271 310 394 382 408
811 336 853 370 s.
917 331 1224 372 Aucusrlm
1270 333 1523 372 nriscom

269 426 325 471 et
339 413 506 497 credo
529 415 834 496 Scripturae
859 415 1099 474 dicentiz
1128 413 1388 495 quoniam
1414 441 1441 468 c<
1467 414 1613 473 Deus
1643 414 1883 476 charitas
1909 429 2009 491 est,

273 527 301 555 >2
332 516 387 560 et
420 504 518 584 qui
548 518 731 563 manet
759 507 816 562 in
848 504 1118 563 charitate
1137 550 1152 576 ‚
1180 503 1235 561 in
1268 504 1381 561 Deo
1410 517 1593 563 manet
1620 503 1638 542 ⁵
1676 526 1739 562 ε»
1762 504 1854 564 sed
1886 526 2023 565 cum.

266 590 421 650 illam
445 594 628 666 video,
658 616 768 652 non
798 595 855 652 in
889 616 949 653 ea
971 594 1131 654 video
1163 593 1508 654 Trinitatem.
1547 595 1670 653 lmo
1696 616 1824 654 vero
1863 595 2016 655 vides

264 682 615 752 Trinitatem,
649 685 691 742 si
721 685 1045 744 charitatem
1071 683 1237 744 videS.
1276 683 1381 742 Sed
1414 686 1801 757 commonebo,
1836 686 1879 744 si
1901 708 2014 767 po-

230 804 234 809 ·
266 784 405 844 tero,
434 787 494 831 ut
515 773 699 832 videre
722 787 775 831 te
792 774 975 833 videas
1001 798 1015 832 :
1049 774 1186 833 adsit
1204 787 1418 832 tantum
1441 775 1583 855 ipsa,
1612 788 1674 833 ut
1696 796 2014 835 moveamur

266 861 536 920 charitate
566 864 636 921 ad
657 862 893 943 ‚aliquod
926 864 1155 923 bonum.
1190 863 1333 935 Quia
1359 883 1485 921 cum
1519 862 1800 938 diligimus
1828 863 2015 922 chari-

267 962 452 1021 tatem,
494 951 704 1033 aliquid
729 953 1042 1028 diligentem
1083 953 1384 1028 diligimu8,
1417 965 1649 1032 propter
1678 953 1788 1011 hoc
1826 952 2013 1032 ipsum

267 1040 397 1119 quia
418 1039 598 1117 diligit
617 1041 847 1120 aliquid.
882 1043 1026 1116 Ergo
1051 1040 1188 1121 quid
1227 1039 1407 1116 diligit
1431 1040 1692 1110 charitaS,
1739 1053 1801 1098 ut
1842 1042 2015 1121 possit

266 1130 431 1186 etiam
457 1129 575 1208 ipsa
605 1129 846 1187 charitas
871 1129 1067 1206 diligi?
1117 1129 1373 1188 Charitas
1402 1129 1546 1187 enim
1591 1151 1704 1188 non
1745 1143 1857 1199 est,
1890 1151 2016 1211 quae
2058 1130 2062 1134 ’

187 1288 191 1292 .
269 1217 416 1276 nihil
455 1218 654 1295 diligit.
693 1218 752 1277 Si
797 1233 977 1278 autem
1025 1241 1078 1277 se
1121 1219 1296 1300 ipsam
1329 1218 1532 1296 diligit,
1565 1219 1758 1296 diligat
1807 1218 2019 1301 aliquid

257 1320 499 1386 oportet,
531 1320 591 1365 ut
618 1307 947 1366 charitatem
982 1330 1035 1366 se
1064 1308 1277 1384 diligat.
1319 1308 1476 1366 Sicut
1500 1307 1643 1366 enim
1673 1308 1906 1368 verbum
1928 1308 2020 1366 in-

271 1394 425 1454 dicat
445 1396 681 1477 aliquid,
710 1397 921 1455 indicat
949 1398 1111 1456 etiam
1137 1419 1190 1454 se
1211 1397 1417 1478 ipsum,
1450 1396 1543 1455 sed
1567 1418 1679 1455 non
1706 1419 1760 1455 se
1785 1397 2018 1456 verbum

267 1485 504 1557 indicat,
546 1487 649 1545 nisi
681 1507 734 1545 se
778 1487 989 1567 aliquid
1028 1487 1274 1546 indicare
1316 1487 1565 1545 indicet:
1604 1487 1681 1545 sic
1708 1500 1762 1545 et
1781 1486 2021 1545 charitas

262 1573 445 1652 diligit
475 1575 699 1657 quidem
730 1598 814 1648 se,
847 1576 942 1635 sed
982 1576 1085 1635 nisi
1120 1597 1173 1634 se
1217 1575 1425 1657 aliquid
1456 1575 1773 1652 diligentem
1801 1575 2015 1651 diligat,

260 1686 374 1722 non
407 1665 736 1723 charitatem
758 1688 811 1723 se
842 1665 1042 1742 diligit.
1087 1665 1241 1737 Quid
1261 1686 1389 1742 ergo
1420 1664 1603 1742 diligit
1631 1665 1891 1736 charitas,
1917 1663 2020 1721 nisi

259 1753 413 1834 quod
436 1754 708 1813 charitate
736 1754 1062 1831 diligimus?
1092 1754 1158 1812 ld
1199 1768 1379 1812 autem
1403 1801 1416 1825 ,
1456 1767 1516 1811 ut
1550 1776 1578 1811 a
1603 1753 1855 1834 proximo
1885 1773 2022 1834 pro-

259 1842 564 1915 vehamur,
585 1843 754 1902 frater
781 1857 877 1903 est.
920 1843 1285 1901 Dilectionem
1314 1856 1494 1901 autem
1520 1840 1823 1899 fraternam
1845 1861 2022 1922 quan-

256 1943 378 1990 tum
410 1934 761 1991 commendet
797 1938 1030 1991 Joannes
1056 1933 1334 2013 apostolus
1357 1980 1371 2001 ,
1417 1931 1766 1990 attendamus
1798 1953 1812 1988 ε
1847 1957 1881 1985 «⁴
1907 1929 2020 2002 Qui

267 2046 295 2074 >>
327 2020 528 2096 diligit,
551 2022 757 2103 inquit,
777 2020 999 2080 fratrem
1030 2043 1212 2099 suum,
1239 2022 1292 2079 in
1316 2021 1524 2079 lumine
1552 2034 1756 2091 manet,
1790 2033 1843 2077 et
1866 2040 2023 2077 scan-

261 2135 290 2162 ›>
317 2108 506 2168 dalum
542 2111 600 2168 in
638 2133 702 2169 eo
741 2133 852 2169 non
880 2125 960 2169 est
989 2112 1032 2171 2.
1072 2138 1098 2164 »
1131 2110 1482 2169 Manifestum
1506 2123 1584 2168 est
1614 2109 1766 2192 quod
1792 2108 2023 2186 justitiae

262 2197 659 2279 perfectionem
700 2201 756 2258 in
799 2201 986 2260 fratris
1026 2200 1326 2259 dilectione
1354 2201 1638 2280 posuerit:
1673 2221 1798 2257 nam
1826 2198 1882 2255 in
1912 2219 2023 2278 quo

265 2289 585 2347 scandalum
624 2311 735 2347 non
770 2305 870 2361 est,
907 2290 1096 2371 utique
1122 2289 1397 2371 perfectus
1419 2303 1514 2348 est.
1561 2289 1628 2346 Et
1657 2302 1838 2346 tamen
1862 2286 2022 2346 vide-

266 2390 361 2435 tur
388 2377 739 2436 dilectionem
768 2379 867 2437 Dei
892 2381 1159 2437 tacuisset
1182 2378 1333 2460 quod
1355 2399 1640 2459 nunquam
1668 2376 1892 2447 faceret,
1919 2375 2023 2433 nisi

269 2466 470 2547 quiain
497 2469 617 2548 ipsa
642 2469 880 2526 fraterna
903 2469 1196 2527 dilectione
1221 2469 1341 2527 vult
1362 2468 1594 2544 intelligi
1620 2469 1812 2525 Deum.
1843 2467 2024 2546 Aper-

275 2555 477 2615 tissime
492 2557 636 2615 enim
661 2557 717 2615 in
744 2556 932 2615 eadem
965 2557 1206 2638 lipistola
1230 2557 1400 2639 paulo
1417 2569 1543 2637 post
1563 2556 1638 2614 ita
1658 2554 1795 2613 dicit
1820 2575 1833 2611 :
1859 2580 1885 2607 «
1917 2553 2023 2611 Di-

271 2669 301 2698 »
328 2643 631 2716 lectissimi,
657 2645 947 2722 diligamus
978 2646 1213 2705 invicem
1235 2693 1248 2717 ,
1276 2646 1405 2726 quia
1429 2644 1653 2702 dilectio
1681 2663 1740 2700 ex
1767 2643 1883 2700 Deo
1918 2654 2018 2714 est,

269 2760 300 2788 >2
331 2748 386 2792 et
408 2735 696 2817 omnisqui
714 2735 916 2812 diligit,
939 2757 999 2794 ex
1018 2737 1134 2793 Deo
1147 2748 1308 2793 natus
1324 2748 1423 2804 est,
1445 2746 1496 2791 et
1515 2732 1796 2808 cognoscit
1816 2732 2012 2790 Deum.

274 2851 303 2879 »
335 2825 446 2897 Qui
471 2847 582 2883 non
601 2826 801 2902 diligit,
825 2847 935 2884 non
966 2826 1222 2901 cognovit
1246 2827 1446 2895 Deum,
1470 2823 1601 2903 quia
1624 2824 1771 2880 Deus
1801 2821 2022 2880 dilectio

274 2939 303 2966 2>
334 2913 466 2973 est3.
500 2940 526 2966 »
555 2915 662 2972 lsta
689 2915 962 2973 contextio
991 2914 1118 2972 satis
1153 2928 1447 2994 aperteque
1476 2911 1739 2976 declarat,
1774 2909 2022 2969 eamdem

263 3001 441 3081 ipsam
465 3001 759 3061 fraternam
799 3003 1173 3072 dilectionem,
1210 3003 1374 3083 (nam
1403 3001 1642 3060 fraterna
1668 2998 1892 3057 dilectio
1915 3010 2015 3068 est,

268 3109 381 3170 qua
419 3088 699 3164 diligimus
737 3091 1028 3165 invicem),
1072 3112 1184 3147 non
1228 3090 1405 3148 solum
1442 3111 1502 3147 ex
1548 3092 1690 3157 Deo,
1732 3086 1823 3144 sed
1856 3087 2020 3144 etiam

276 3179 458 3237 Deum
490 3198 598 3235 esse
629 3192 780 3236 tanta
807 3177 1130 3236 auctoritate
1168 3178 1482 3259 praedicari.
1521 3180 1666 3234 (lum
1695 3194 1821 3250 ergo
1844 3173 1912 3233 de
1928 3173 2020 3232 di·-

331 3283 345 3309 ¹
379 3295 393 3322 ι
423 3285 630 3333 Joan,1v,
658 3285 725 3327 ιδ.
748 3282 1092 3338 -21d.11,20.
1115 3306 1170 3315 ——
1193 3281 1381 3333 31d.1v‚
1409 3299 1444 3333 7.

1181 3493 1207 3520 1
