2144 3808
300 307 423 378 308
832 325 880 367 s,
934 322 1243 367 Auensrlm
1288 312 1546 366 Episcopi

299 406 546 491 quodam
585 405 751 467 modo
785 407 909 485 igne
940 409 1224 467 charitatis
1253 409 1568 469 conflatam.
1618 407 1706 468 Ad
1741 407 1853 466 hoc
1887 405 2031 465 enim

300 497 447 557 valet
465 497 616 578 quod
646 497 722 556 ait
755 519 770 555 ε
804 523 830 550 c<
862 484 937 555 Ut
954 497 1066 570 sint
1097 518 1271 555 unum
1290 544 1304 569 ,
1348 500 1490 557 sicut
1520 510 1574 556 et
1601 519 1700 555 nos
1725 517 1894 555 unum
1939 517 2037 554 su-

300 611 331 640 »
350 606 472 645 mus
486 585 511 624 ‘¹
535 609 550 644 :
579 613 606 641 »
631 600 694 645 ut
715 584 1186 667 quemadmodum
1206 587 1372 644 Pater
1389 599 1443 644 et
1462 586 1630 645 Filius
1648 634 1663 660 ,
1688 607 1800 644 non
1819 597 2035 643 tantum

298 675 614 757 aequalitate
642 674 993 747 substantiae,
1031 673 1124 732 sed
1145 674 1307 732 etiam
1335 673 1620 734 voluntate
1659 695 1832 733 unum
1870 686 2032 742 sunt3

299 764 377 822 ita
403 777 458 822 et
480 763 519 823 ii
541 764 686 823 inter
710 785 850 846 quos
878 777 932 822 et
952 765 1133 822 Deum
1158 763 1429 822 mediator
1457 776 1537 821 est
1557 763 1728 821 Filius
1749 810 1763 834 ,
1791 783 1904 820 non
1923 775 2041 819 tan-

299 866 422 912 tum
450 875 548 934 per
571 853 631 912 id
657 853 809 935 quod
839 852 1081 930 ejusdem
1123 866 1337 911 naturae
1371 854 1567 925 sunt2,
1611 852 1701 911 sed
1738 851 1898 909 etiam
1941 872 2042 931 per

302 943 551 1003 eamdem
589 943 897 1002 dilectionis
935 943 1246 1003 societatem
1276 964 1449 1002 unum
1484 944 1607 1003 sint.
1643 940 1854 1000 Deinde
1888 940 2039 1021 idip-

304 1054 426 1091 sum
465 1031 620 1112 quod
651 1032 925 1090 Mediator
952 1045 1063 1104 est,
1101 1053 1201 1112 per
1231 1053 1398 1112 quem
1441 1031 1861 1091 reconciliamur
1889 1032 2037 1102 De0,

303 1120 382 1179 sic
407 1119 618 1190 indicat
652 1141 667 1177 ε
701 1147 728 1173 «
754 1121 901 1196 Ego,
943 1119 1157 1200 inquit,
1187 1120 1245 1178 in
1272 1121 1348 1179 eis
1368 1166 1382 1191 ,
1415 1133 1468 1179 et
1505 1133 1568 1179 tu
1594 1120 1652 1179 in
1684 1142 1771 1179 me
1791 1166 1808 1193 ,
1850 1133 1912 1178 ut
1936 1120 2044 1178 sint

300 1234 330 1263 »
355 1208 722 1267 consummati
743 1208 803 1266 in
831 1207 1059 1267 unumss.
1089 1236 1117 1263 ))

388 1299 552 1358 XIII.
584 1298 723 1356 Haec
751 1311 832 1357 est
853 1320 982 1359 vera
1001 1319 1109 1379 pax
1129 1345 1144 1371 ,
1170 1311 1371 1358 etcum
1397 1299 1658 1358 Creatore
1680 1311 1866 1357 nostro
1887 1297 2046 1356 nobis

305 1388 468 1446 firma
499 1387 762 1445 connexio
781 1433 796 1459 ,
829 1387 1080 1468 purgatis
1099 1400 1153 1445 et
1178 1387 1544 1447 reconciliatis
1563 1409 1664 1469 per
1688 1387 2046 1446 Mediatorem

305 1477 468 1547 vitae,
518 1475 663 1534 sicut
691 1475 958 1534 maculati
988 1489 1043 1534 et
1070 1475 1287 1535 alienati
1324 1477 1395 1535 ab
1436 1499 1499 1536 eo
1530 1498 1916 1536 recesseramus
1949 1495 2048 1556 per

307 1562 668 1623 mediatorem
696 1565 906 1625 mortis.
945 1565 1104 1624 Sicut
1128 1566 1274 1624 enim
1299 1565 1554 1626 diabolus
1578 1567 1850 1648 superbus
1869 1564 2051 1641 homi-

310 1675 438 1713 nem
466 1654 876 1735 superbientem
897 1655 1155 1736 perduxit
1177 1655 1248 1714 ad
1272 1669 1503 1714 mortem
1528 1682 1543 1726 3
1570 1656 1647 1714 ita
1667 1656 1920 1714 Christus
1935 1653 2051 1711 hu—

310 1743 456 1802 milis
481 1743 766 1802 hominem
795 1743 1144 1803 obedientem
1167 1744 1382 1803 reduxit
1410 1745 1481 1803 ad
1509 1745 1681 1805 vitam
1708 1767 1722 1802 ε
1755 1744 1886 1825 quia
1908 1742 2052 1800 sicut

311 1831 404 1890 ille
427 1831 601 1890 elatus
629 1832 834 1891 cecidit
853 1879 868 1905 ,
905 1845 960 1891 et
983 1833 1183 1910 dejecit
1210 1834 1634 1893 consentientem
1660 1860 1676 1904 3
1711 1833 1787 1893 sic
1813 1834 1911 1891 iste
1937 1831 2053 1889 hu—

309 1919 554 1979 miliatus
591 1922 849 1993 surrexit,
897 1934 951 1979 et
989 1923 1152 1980 erexit
1193 1923 1522 1983 credentem.
1562 1923 1710 1995 Quia
1750 1922 1894 1980 enim
1941 1940 2052 1977 non

309 2022 634 2090 pervenerat
657 2008 912 2068 diabolus
930 2031 1042 2091 quo
1061 2011 1179 2091 ipse
1203 2011 1534 2092 perduxerat
1557 2013 1818 2091 (mortem
1843 2009 2054 2090 quippe

312 2094 539 2176 spiritus
564 2095 623 2154 in
667 2097 948 2178 impietate
995 2099 1240 2175 gestabat
1261 2146 1276 2171 ,
1327 2101 1421 2159 sed
1452 2114 1686 2159 mortem
1722 2099 1901 2158 carnis
1943 2119 2054 2156 non

314 2184 589 2257 subierat,
615 2186 746 2266 quia
767 2209 869 2246 nec
893 2187 1284 2246 indumentum
1310 2191 1678 2270 susceperat),
1704 2208 1935 2265 magnus
1955 2186 2056 2244 ho·

316 2274 456 2333 mini
482 2273 781 2333 videbatur
807 2277 1071 2358 princeps
1109 2278 1168 2336 in
1209 2277 1519 2354 legionibus
1563 2278 1908 2343 daemonum,
1958 2295 2058 2356 per

316 2384 455 2444 quos
470 2362 816 2423 fallaciarum
837 2387 1069 2442 regnum
1085 2380 1320 2439 exercet,
1343 2369 1420 2426 sic
1439 2367 1720 2426 hominem
1753 2387 1853 2447 per
1871 2363 2058 2423 elatio-

316 2450 403 2510 nis
430 2451 709 2532 typhum„,
760 2456 1026 2533 potentiae
1072 2476 1241 2535 quam
1277 2456 1506 2532 J'ustitiae
1549 2455 1892 2536 cupidiorem
1917 2500 1931 2524 ,
1966 2465 2059 2510 aut

319 2562 422 2622 per
448 2540 642 2600 falsam
664 2542 1086 2624 philosophiam
1111 2545 1283 2620 magis
1309 2545 1537 2614 inflans;
1567 2557 1659 2605 aut
1681 2566 1782 2624 per
1805 2563 1957 2601 sacra
1982 2563 2060 2600 sa-

321 2629 524 2706 crilega
542 2629 789 2690 irretiens
814 2678 827 2702 ,
862 2632 921 2690 in
950 2632 1155 2713 quibus
1183 2634 1348 2692 etiam
1376 2633 1604 2710 magicae
1649 2631 1883 2691 fallaciae
1902 2677 1918 2702 ,
1953 2649 2059 2688 cu-

317 2717 571 2778 riosiores
605 2720 1057 2804 superbioresque
1090 2722 1299 2795 animas
1327 2721 1582 2803 deceptas
1603 2720 1900 2800 illusasque
1919 2738 2062 2799 prae-

320 2807 914 2888 cipitans5'subditum
953 2823 1131 2879 tenet;
1174 2810 1440 2891 pollicens
1471 2810 1637 2868 etiam
1677 2807 2058 2890 purgationem

322 2895 552 2968 animae,
585 2918 684 2977 per
722 2918 809 2956 eas
836 2919 973 2979 quas
1019 2900 1226 2965 τελετὰς
1267 2897 1581 2978 appellant,
1617 2892 2058 2972 transfigurando

325 3004 381 3041 se
404 2983 465 3041 in
502 2984 755 3060 angelum
796 2986 937 3045 lucis
959 3009 1060 3068 per
1086 2985 1481 3046 multiformem
1506 2985 1974 3046 machinationem
2000 2981 2059 3039 in

326 3071 493 3148 signis
520 3085 574 3129 et
599 3072 867 3152 prodigiis
897 3074 1187 3134 mendacii.

409 3160 561 3221 XIV.
618 3161 799 3250 Facile
819 3175 897 3221 est
922 3164 1070 3223 enim
1100 3164 1388 3246 spiritibus
1411 3163 1751 3246 nequissimis
1770 3183 1871 3244 per
1901 3165 2060 3220 aerea

389 3267 403 3295 ¹
422 3268 543 3309 Joan.
564 3279 667 3319 xvn,
687 3280 729 3312 2.
757 3291 812 3302 --
833 3266 854 3298 2
882 3283 896 3309 1
925 3268 1032 3315 Tim.
1059 3283 1111 3326 11,
1134 3270 1176 3315 5.
1195 3291 1252 3301 —-
1271 3268 1291 3302 3
1310 3274 1431 3316 Joau.
1455 3284 1558 3322 xvu,
1581 3271 1655 3315 23.
