2144 3808
253 334 369 397 382
780 351 830 399 s,
883 350 1191 396 svous’rtm
1234 351 1490 395 umscorz

249 432 494 495 (lendum
523 447 635 505 est,
682 446 736 492 et:
771 448 995 515 aspectu
1043 435 1238 494 mentis
1281 435 1596 494 indubitata
1631 436 1981 517 perceptione

249 521 657 606 perstringitur,
682 537 737 581 et
753 524 971 581 Patrem
997 545 1127 593 esse,
1155 536 1207 581 et
1235 521 1432 580 Filium
1457 536 1511 580 et
1531 524 1799 603 Spiritum
1822 538 1986 581 sanc-⁴
2015 583 2018 587 A

249 627 392 684 tum,
412 634 512 671 uec
530 612 728 671 Filium
748 620 859 671 'esse
878 613 1128 671 eumdem
1155 614 1252 693 qui
1278 611 1438 670 Pater
1462 626 1561 681 est,
1594 635 1694 672 nec
1715 614 1984 694 Spiritum

250 714 502 761 sanctum
530 700 783 760 eumdem
812 723 921 760 esse
949 701 1033 760 'vel
1075 703 1295 760 Patrem
1344 700 1430 759 vel
1464 701 1675 760 Filium.
1719 702 1987 774 Quaesivit

250 790 388 873 quitl
419 791 520 848 tria
555 789 759 849 diceret
784 810 800 848 t
825 803 880 849 et
908 789 1041 849 dixit
1068 791 1399 849 substantias
1422 790 1534 848 sive
1560 810 1835 871 personas,
1869 791 1990 871 qui-

250 879 694 941 bus'nominihus
723 902 834 941 non
867 879 1233 939 diversitatem
1266 880 1493 957 intelligi
1522 879 1720 952 voluit9
1754 879 1846 938 sed
1875 880 1991 938 sin-

254 969 596 1051 gularitatem
634 968 840 1036 noluit;
885 982 946 1027 ut
982 988 1092 1027 non
1123 969 1299 1027 solum
1333 969 1415 1027 ibi
1452 969 1630 1027 unitas
1658 969 1993 1046 intelligatur

256 1080 318 1119 ex
348 1081 412 1118 eo
430 1057 582 1138 quod
610 1057 816 1116 dieitur
844 1076 952 1114 una
971 1059 1219 1133 essentia,
1243 1057 1339 1115 sed
1368 1071 1421 1115 et
1448 1058 1659 1126 trinitas
1680 1072 1741 1116 'ex
1761 1079 1824 1117 eo
1842 1057 1994 1139 quod

254 1147 521 1207 dicuntur
541 1159 646 1205 tres
668 1140 992 1205 substantiae
1019 1146 1102 1204 vel
1123 1163 1389 1227 personae.
1421 1146 1559 1204 Nam
1579 1146 1624 1205 si
1647 1146 1755 1205 hoc
1778 1157 1856 1206 est
1881 1150 1995 1206 Deo

256 1257 365 1295 esse
388 1232 537 1316 quod
566 1233 878 1305 subsistere,
919 1235 1001 1292 ita»
1028 1248 1135 1293 'nuc
1162 1248 1315 1293 erant
1342 1234 1592 1293 dicendae
1614 1248 1718 1292 tres
1744 1236 1996 1294 substan*
2035 1271 2037 1273 ·

251 1325 367 1394 tiam
404 1338 466 1383 ut
493 1332 605 1382 non
626 1321 892 1382 dicuntur
918 1337 1022 1383 tres
1045 1324 1330 1383 essentiae=
1359 1323 1837 1405 quemadmodum
1865 1324 1997 1404 quia

253 1415 364 1475 hoc
396 1427 475 1473 est
502 1415 615 1473 Deo
639 1423 748 1471 esse
775 1411 926 1494 quod
949 1428 1159 1494 sapere,
1187 1413 1328 1473 sicut
1359 1423 1469 1472 non
1492 1427 1601 1472 tr'es
1623 1414 1897 1483 essentias,
1922 1413 1999 1470 ita

255 1515 356 1564 nee
397 1518 501 1563 tres
539 1502 830 1583 sapientias
864 1501 1121 1562 dicimus,
1167 1503 1260 1562 Sic
1304 1503 1447 1562 enim
1490 1503 1622 1603 qui-a
1651 1496 1760 1561 hoc
1803 1501 1883 1560 illi
1923 1511 2001 1559 est

255 1595 431 1653 Deum
468 1601 582 1651 5555
613 1590 764 1672 quod
811 1600 889 1649 est
922 1612 1064 1661 esse,
1113 1604 1226 1649 tam
1272 1605 1376 1651 tres
1408 1593 1660 1651 essentias
1690 1605 1856 1672 quam
1897 1603 2002 1648 tres

253 1681 383 1746 deos
412 1681 525 1740 dici
560 1680 641 1739 fas
672 1701 785 1740 non
813 1694 923 1759 est.»
951 1680 1009 1738 Si
1045 1692 1223 1738 autem
1258 1676 1407 1739 aliud
1442 1694 1518 1739 est
1549 1682 1663 1738 Deo
1685 1700 1815 1749 esse,
1850 1677 2001 1737 aliud

256 1770 725 1840 subsistere3sicut
740 1767 891 1827 aliud
912 1770 1028 1827 Deo
1050 1768 1332 1835 esse,aliud
1353 1772 1570 1828 Patrem
1581 1781 1689 1828 esse
1704 1769 1788 1827 vel
1813 1759 2003 1826 Domi-

254 1871 391 1929 [ium
417 1854 560 1927 esse3
591 1857 742 1939 quod
772 1857 916 1915 enim
943 1870 1045 1927 est,
1082 1857 1151 1915 ad
1178 1879 1232 1916 se
1270 1857 1496 1929 (licitur,
1538 1863 1697 1916 Pater
1720 1869 1900 1915 autem
1932 1855 2002 1914 ad

254 1947 454 2013 Filium
472 1956 529 2004 et
543 1946 812 2005 Domitius
829 1945 894 2003 ad
917 1946 1237 2003 servientem
1259 1961 1562 2004 creaturam
1583 1945 1789 2024 dieitur
1815 1966 1830 2003 ε
1856 1944 2002 2003 rela—

256 2036 366 2096 tive
401 2057 531 2112 ergo
558 2035 839 2106 subsistit,
876 2034 1020 2092 sicut
1042 2034 1264 2093 relative
1286 2034 1460 2111 gignit
1485 2048 1538 2093 et
1567 2032 1787 2094 relative
1818 2034 2002 2093 domi-

257 2138 438 2186 natur.
470 2128 553 2184 lta
574 2129 692 2202 jam
723 2125 1028 2183 substantia
1051 2135 1165 2182 non
1193 2125 1295 2184 erit
1315 2126 1642 2195 substantia,
1665 2126 1794 2208 quia
1818 2125 2004 2184 relati-

255 2237 386 2276 vum
409 2215 529 2276 erit.
561 2214 719 2273 Sicut
743 2214 890 2274 enim
912 2214 984 2272 ab
1004 2226 1067 2271 e'o
1087 2214 1236 2295 quod
1263 2227 1474 2273 estesse
1494 2238 1519 2274 a
1527 2215 1804 2297 ppellatur
1823 2237 2005 2273 essen-

255 2306 354 2376 tia,
396 2305 471 2364 ita
498 2305 570 2363 ab
614 2325 682 2362 eo
711 2303 863 2386 quod
906 2317 986 2362 est
1019 2305 1311 2362 subsistere
1338 2305 1702 2378 substantiam
1742 2305 1994 2364 dicimus.

258 2392 577 2453 Absurdum
616 2406 697 2451 est
742 2406 955 2464 autem,
1011 2405 1071 2451 ut
1114 2393 1419 2452 substantia
1464 2394 1685 2453 relative
1733 2394 1999 2453 dicatur.

257 2482 433 2542 omnis
449 2482 595 2541 enim
618 2503 701 2540 res
719 2480 788 2540 ad
808 2503 863 2539 se
883 2482 1059 2562 ipsam
1080 2481 1357 2551 subsistit3
1390 2496 1600 2563 quante
1633 2483 1799 2561 magis
1821 2484 1993 2540 Deus
1981 2485 2005 2526 ³³

337 2574 408 2633 Ka
453 2571 512 2631 Si
542 2585 727 2630 tamen
761 2570 988 2648 dignum
1021 2585 1099 2631 est
1131 2586 1191 2630 ut
1229 2577 1381 2631 Deus
1413 2571 1633 2631 dicatur
1664 2569 2000 2630 subsistere.

256 2661 329 2722 de
352 2661 440 2720 his
471 2660 619 2720 enim
657 2660 822 2719 rebus
854 2674 998 2719 recte
1029 2660 1374 2737 intelligitur,
1412 2661 1468 2719 in
1498 2661 1707 2741 quibus
1743 2660 2007 2737 subjectis

258 2764 383 2813 sunt
411 2773 472 2809 ea
498 2758 626 2832 quae
646 2749 702 2808 in
731 2749 916 2830 aliquo
947 2750 1196 2827 subjecto
1226 2770 1336 2809 esse
1364 2748 1652 2821 dicuntur,
1688 2749 1832 2807 sicut
1855 2746 2008 2806 color

260 2838 588 2900 autforma
572 2859 632 2897 1n
652 2859 902 2919 corpore
939 2840 1156 2919 Corpus
1178 2837 1323 2895 'enim
1347 2836 1617 2910 subsistit,
1653 2846 1706 2895 et
1723 2836 1847 2895 ideo
1876 2835 2024 2894 sub-

257 2929 454 2988 stantia
480 2941 612 2988 55ι·
644 2927 738 2987 illa
766 2949 894 2987 vero
943 2927 999 2986 in
1040 2928 1365 2986 subsistente
1395 2939 1559 3009 atque
1592 2927 1841 3004 subjecto
1886 2943 2005 2985 cot·

256 3028 431 3100 pore,
476 3034 605 3100 quae
637 3039 748 3099 non
786 3016 1112 3090 substantiae
1149 3030 1314 3090 sunt,
1360 3014 1455 3077 sed
1496 3017 1554 3076 in
1580 3017 1921 3085 substantia3
1954 3025 2008 3074 et

257 3106 383 3168 ideo
410 3106 455 3167 si
483 3127 594 3167 esse
615 3106 848 3178 desinat,
881 3106 968 3166 vel
997 3106 1088 3165 ille
1115 3107 1291 3179 color,
1325 3106 1412 3166 ‘vel
1439 3106 1732 3177 illaforma‚
1759 3117 1868 3164 non
1883 3103 2006 3163 atli-v

259 3209 419 3256 munt
439 3195 659 3276 corpori
684 3216 794 3254 esse
824 3214 1049 3275 corpmz,
1081 3195 1210 3276 quia
1245 3216 1354 3255 non
1383 3195 1493 3254 hoe
1522 3196 1666 3253 cicst
1686 3214 1817 3262 csse,
1853 3191 2005 3274 quod

256 3283 409 3346 illam
433 3282 521 3357 yet
548 3282 699 3344 illam
718 3281 955 3345 formam
976 3283 1286 3346 coloremve
1303 3284 1555 3345 retinere.
1591 3283 1700 3343 Res
1727 3303 1855 3358 ergo
1886 3302 2007 3340 mu·-
