2144 3808
592 311 665 351 nr.
706 308 1028 363 mmmm,
1074 308 1188 350 nn.
1240 310 1307 350 11.
1717 290 1835 352 233

109 407 339 476 propter
357 393 521 452 Pater
540 391 830 452 invisibilis
857 413 966 451 una
999 412 1127 450 cum
1156 390 1295 449 Filio
1331 412 1516 450 secum
1535 393 1831 466 invisibili,

111 483 363 542 eumdem
408 479 604 538 Filium
644 480 913 539 visibilem
958 478 1210 538 faciendo
1257 479 1462 537 misisse
1499 500 1625 537 eum
1659 481 1840 541 dictus

112 586 191 631 est
218 594 232 629 ι
265 571 361 652 qui
388 569 433 627 si
460 590 523 627 eo
546 568 712 627 modo
739 569 970 629 visibilis
998 570 1150 628 fieret
1172 615 1187 640 ,
1217 581 1280 626 ut
1302 590 1429 627 cum
1450 570 1615 627 Patre
1642 569 1838 628 invisi-

110 659 239 718 bilis
265 679 374 717 esse
401 657 710 729 desisteret,
731 658 791 716 id
810 671 916 729 est,
947 658 992 715 si
1018 657 1322 716 substantia
1352 656 1645 717 invisibilis
1672 657 1840 716 Verbi
1863 687 1866 690 Δ

110 749 167 808 in
190 761 492 807 creaturam
518 746 791 807 visibilem
811 759 1030 806 mutata.
1042 759 1097 805 et
1121 745 1384 805 transiens
1410 758 1708 805 verteretur
1723 740 1839 816 ‚Jita

111 837 302 895 missus
343 859 375 894 a
416 837 579 893 Patre
619 835 1009 911 intelligeretur
1042 834 1246 903 Filius;
1277 847 1339 892 ut
1365 847 1581 892 tantum
1609 834 1844 905 missus;

109 946 220 983 non
246 925 412 982 etiam
433 945 560 983 cum
593 925 755 982 Patre
783 924 1002 982 mittens
1030 924 1382 984 inveniretur.
1424 923 1568 981 Cum
1606 942 1734 980 vero
1761 921 1839 979 sic

111 1027 337 1095 accepta
355 1028 435 1072 est
456 1013 632 1072 forma
653 1014 822 1085 servi,
844 1027 907 1072 ut
923 1026 1165 1072 maneret
1180 1010 1648 1071 incommutabilis
1662 1011 1841 1069 forma

111 1103 244 1174 Dei,
280 1102 627 1161 manifestum
648 1116 727 1161 est
743 1149 758 1173 ‚
784 1103 937 1185 quod
963 1126 992 1161 a
1015 1104 1177 1161 Patre
1199 1116 1253 1160 et
1273 1102 1412 1160 Filio
1434 1122 1547 1159 non
1573 1120 1844 1181 apparen-

109 1189 260 1249 tibus
281 1190 486 1250 factum
516 1192 585 1250 sit
621 1191 772 1272 quod
813 1204 1100 1272 appareret
1129 1191 1189 1250 in
1231 1190 1368 1249 Filio
1389 1237 1404 1262 ‚
1442 1188 1502 1248 id
1530 1202 1609 1247 est
1627 1236 1642 1260 ‚
1683 1201 1744 1246 ut
1769 1188 1843 1247 ab

107 1277 373 1337 invisibili
394 1280 557 1338 Patre
574 1300 704 1338 cum
725 1279 990 1339 invisibili
1014 1279 1152 1338 Filio
1169 1326 1185 1351 ,
1208 1278 1356 1337 idem
1379 1279 1495 1359 ipse
1518 1277 1688 1336 Filius
1707 1276 1843 1335 visi-

110 1365 238 1423 bilis
257 1367 580 1427 mitteretur.
612 1368 728 1426 Cur
745 1389 871 1444 ergo
895 1369 967 1426 ait
994 1389 1007 1426 ε
1035 1394 1062 1422 «
1084 1370 1158 1426 Et
1179 1390 1210 1425 a
1229 1388 1316 1424 me
1334 1368 1456 1446 ipso
1476 1387 1588 1424 non
1608 1363 1800 1425 venilv
1817 1390 1845 1418 ›>

112 1454 144 1511 J
150 1476 238 1512 am
265 1455 375 1514 hoc
398 1457 699 1515 secundum
722 1456 953 1515 formam
983 1457 1124 1517 servi
1159 1456 1372 1515 dictum
1403 1467 1514 1526 est,
1543 1452 1847 1512 secundum

113 1563 281 1623 quam
311 1544 522 1603 dictum
562 1558 640 1604 est
672 1567 687 1602 ε
734 1572 760 1598 «
795 1547 911 1620 Ego
940 1562 1058 1620 non
1073 1544 1280 1621 'judico
1317 1542 1706 1624 quemquam2.
1735 1567 1764 1595 >2

194 1634 263 1691 X.
306 1633 365 1690 Si
389 1654 516 1710 ergo
537 1634 731 1691 missus
753 1632 960 1691 dicitur
979 1635 1037 1693 in
1061 1646 1331 1713 quantum
1362 1632 1621 1711 apparuit
1638 1628 1769 1688 foris
1789 1628 1849 1687 in

114 1734 361 1779 creatura
411 1722 721 1803 corporali,
759 1722 856 1804 qui
895 1723 1044 1780 intus
1077 1723 1136 1780 in
1171 1735 1370 1800 natura
1404 1718 1640 1800 spiritali
1678 1715 1850 1776 oculis

113 1809 427 1868 mortalium
453 1833 666 1892 semper
687 1811 938 1869 occultus
958 1815 1205 1887 est‚>·3‘5am
1225 1811 1282 1868 in
1303 1821 1571 1889 promptu
1593 1820 1671 1866 est
1693 1805 1851 1864 intel⁶

114 1897 277 1974 ligere
297 1900 463 1958 etiam
491 1899 559 1958 de
581 1901 792 1981 Spiritu
815 1914 1003 1959 sancto
1038 1921 1142 1959 cur
1170 1899 1362 1958 missus
1383 1911 1438 1955 et
1464 1898 1581 1978 ipse
1606 1895 1844 1954 dicatur.

117 1986 283 2045 Facta
314 2000 393 2044 est
420 1988 566 2046 enim
598 1987 856 2069 quaedam
893 2002 1158 2048 creaturae
1185 1987 1389 2069 species
1416 2008 1478 2044 ex
1506 1998 1752 2065 tempore
1792 1983 1851 2040 in

113 2094 224 2154 qua
246 2074 534 2134 visibiliter
559 2076 929 2135 ostenderetur
959 2077 1198 2158 Spiritus
1219 2089 1439 2134 sanctus
1461 2121 1476 2146 ,
1508 2075 1619 2133 sive
1644 2093 1774 2130 cum
1793 2071 1850 2129 in

112 2161 299 2242 ipsum
336 2164 633 2224 Dominum
654 2166 928 2246 corporali
957 2166 1136 2246 specie
1164 2164 1316 2233 velut
1336 2163 1598 2232 columba
1622 2160 1852 2219 descen-

115 2249 262 2322 dit-⁹³,
292 2251 404 2311 sive
435 2273 566 2310 cum
589 2253 779 2311 decem
804 2253 1000 2311 diebus
1021 2254 1257 2334 peractis
1280 2265 1406 2333 post
1428 2255 1544 2327 eius
1579 2248 1854 2307 ascensio-

116 2360 240 2397 nem
256 2385 270 2409 ,
297 2339 386 2397 die
407 2344 749 2401 pentecostes
770 2339 948 2400 factus
963 2354 1042 2398 est
1056 2340 1240 2398 subito
1261 2338 1330 2398 de
1351 2338 1495 2398 coelo
1518 2356 1680 2396 sonus
1701 2334 1857 2415 quasi

117 2426 349 2485 ferretur
369 2428 531 2486 flatus
550 2429 841 2487 vehemens
856 2428 916 2497 ‘⁸3
942 2442 996 2486 et
1017 2429 1148 2488 visae
1165 2440 1293 2486 sunt
1312 2427 1418 2486 illis
1440 2427 1643 2503 linguae
1665 2422 1856 2482 divisae

119 2528 381 2595 tanquam
409 2517 549 2593 ignis
569 2563 584 2588 ‚
628 2518 726 2598 qui
758 2531 812 2575 et
838 2517 1039 2576 insedit
1076 2538 1240 2597 super
1278 2533 1727 2596 unumquemque
1758 2532 1856 2569 eo-

118 2623 262 2663 rum.
301 2605 440 2663 Haec
467 2606 712 2686 operatio
742 2605 1031 2665 visibiliter
1066 2626 1312 2685 expressa
1335 2649 1349 2676 ‚
1383 2617 1438 2661 et
1467 2601 1642 2660 oculis
1671 2598 1858 2657 oblata

120 2690 445 2749 mortalibus
467 2692 650 2750 missio
683 2693 926 2773 Spiritus
951 2694 1126 2751 sancti
1154 2692 1302 2751 dicta
1331 2703 1436 2762 est3
1462 2710 1575 2747 non
1600 2700 1663 2745 ut
1692 2708 1862 2767 appa-

122 2792 262 2837 reret
285 2783 400 2854 ejus
424 2780 543 2860 ipsa
570 2781 906 2854 substantia,
936 2803 1045 2862 qua
1070 2794 1123 2839 et
1144 2781 1258 2861 ipse
1274 2776 1562 2838 invisibilis
1583 2789 1636 2834 et
1654 2775 1864 2833 incom-

122 2867 405 2925 mutabilis
447 2881 558 2939 est,
600 2868 743 2927 sicut
774 2872 939 2928 Pater
973 2884 1027 2929 et
1059 2869 1228 2928 Filius
1265 2890 1279 2925 ε
1327 2880 1382 2925 et
1410 2879 1470 2924 ut
1507 2862 1862 2922 exterioribus

123 2955 250 3013 visis
285 2955 577 3012 hominum
607 2957 776 3015 corda
805 2972 1081 3016 commota
1103 3004 1118 3028 ‚
1160 2979 1190 3015 a
1221 2953 1512 3036 temporali
1544 2950 1864 3010 manifesta-

126 3043 271 3101 tione
301 3043 565 3102 venientis
590 3043 658 3102 ad
687 3045 962 3106 occultam
994 3045 1356 3105 aeternitatem
1377 3061 1591 3122 semper
1610 3060 1860 3121 praesen-

127 3145 197 3192 tls
217 3145 683 3192 converterentur.

190 3234 205 3264 ¹
219 3238 338 3277 Joan.
357 3249 448 3291 vm,
473 3243 543 3284 42.
559 3257 617 3267 —
632 3232 652 3264 2
668 3234 778 3280 lbid.
805 3237 948 3297 155'*
967 3234 986 3268 3
1006 3235 1154 3283 Matth.
1170 3251 1233 3298 ιιι,
1257 3236 1324 3279 16.
1344 3256 1401 3268 -
1421 3231 1441 3263 ⁴
1456 3236 1550 3277 Act·
1576 3246 1627 3284 11»
1652 3246 1695 3272 2·
