2144 3808
277 297 395 365 440
811 313 855 349 s.
911 295 1219 349 Avensa-lm
1263 310 1519 350 EP1scoP1

276 395 363 456 vel
391 395 615 452 omnino
644 405 817 451 totam
843 392 1082 450 animam
1115 391 1494 451 existimarent.
1546 393 1738 473 Itaque
1768 390 1859 449 alii
1887 412 2007 449 san-

279 483 495 560 guinem
516 528 531 552 ,
558 481 649 539 alii
674 480 960 539 cerebrum
979 527 994 551 ,
1027 479 1119 537 alii
1142 500 1240 537 cor
1256 524 1271 550 ,
1300 500 1413 536 non
1434 480 1576 538 sicut
1604 480 1892 559 Scriptura
1916 479 2021 562 diff

287 572 397 629 cit:
420 597 445 620 «
466 569 787 627 Confitebor
803 568 933 640 tibi,
967 568 1223 638 Domine,
1259 567 1318 625 in
1332 568 1624 626 totocorde
1643 589 1764 625 meo
1782 566 1805 603 1
1832 589 1845 623 ε
1873 593 1898 619 ›>
1921 579 2004 636 et,

280 684 307 710 «
342 657 543 732 Diliges
575 655 878 713 Dominum
921 655 1097 712 Deum
1132 667 1290 712 tuum
1331 677 1391 712 ex
1418 667 1532 713 toto
1564 655 1728 713 corde
1764 654 1904 712 tuo2
1933 676 1947 710 ε
1985 681 2010 706 »

278 746 389 804 hoc
420 746 565 802 enim
589 743 866 803 abutendo
904 743 990 803 vel
1033 743 1399 802 transferendo
1427 743 1760 803 vocabulum
1789 742 2012 800 ducitur

283 856 311 890 a
334 853 565 912 corpore
590 832 659 890 ad
686 832 925 898 animam
947 853 960 888 ε
991 831 1081 889 sed
1097 832 1269 911 ipsam
1289 831 1511 890 omnino
1527 830 1858 912 particulam
1882 851 2011 888 cor·-

279 922 432 1001 poris
461 942 629 1001 quam
649 920 708 978 in
723 920 1022 980 visceribus
1042 919 1315 978 dilaniatis
1338 920 1607 990 videmuS,
1634 941 1752 977 eam
1783 939 1890 976 esse
1906 939 2012 997 pu-

282 1021 554 1085 taverunt.
596 1007 703 1066 Alii
726 1030 785 1065 ex
811 1007 1185 1064 minutissimis
1207 1006 1614 1086 individuisque
1638 1006 2005 1086 corpusculiS,

280 1118 417 1176 quas
447 1110 652 1153 atomos
680 1095 876 1153 dicunt
894 1141 908 1166 ‚
961 1095 1419 1152 concurrentibus
1447 1095 1505 1152 in
1534 1116 1587 1152 se
1613 1107 1774 1174 atque
1818 1093 2012 1153 cobae—

274 1174 548 1254 ¹rentibus,
575 1204 694 1239 eam
723 1181 924 1239 confici
946 1181 1314 1241 crediderunt.
1359 1182 1463 1240 Alii
1491 1187 1697 1253 aerem,
1720 1179 2010 1258 aliiignem

281 1270 641 1327 substantiam
663 1274 778 1344 ejus
806 1291 913 1327 esse
937 1269 1206 1328 dixerunt.
1238 1269 1347 1328 Alii
1367 1292 1487 1328 eam
1514 1270 1722 1328 nullam
1747 1291 1855 1329 esse
1871 1270 2011 1328 sub-

281 1359 559 1430 stantiam,
597 1359 726 1439 quia
747 1359 851 1416 nisi
882 1379 1083 1439 corpus
1118 1358 1328 1416 nullam
1369 1359 1729 1417 substantiam
1757 1371 2012 1439 poterant

283 1447 544 1522 cogitare,
572 1461 634 1523 et¹
658 1469 775 1505 eam
801 1467 1004 1527 corpus
1029 1468 1136 1504 esse
1166 1468 1275 1505 non
1304 1447 1654 1505 inveniebant
1680 1468 1693 1503 :
1727 1446 1819 1504 sed
1834 1447 2010 1526 ipsam

283 1535 730 1615 temperationem
762 1535 1008 1616 corporis
1036 1535 1208 1593 nostri
1240 1535 1324 1595 vel
1338 1557 1658 1615 compagem
1682 1533 2012 1616 primordio-

280 1643 426 1693 rum,
471 1623 674 1702 quibus
710 1622 810 1680 ista
833 1644 960 1681 caro
985 1635 1248 1702 tanquam
1279 1622 1647 1693 connectitur,
1677 1642 1785 1679 esse
1801 1621 2010 1701 opinati

281 1723 424 1767 sunt.
463 1711 652 1791 quue
676 1710 737 1768 hi
762 1732 947 1768 omnes
972 1732 1091 1768 eam
1121 1710 1404 1768 mortalem
1433 1731 1542 1768 esse
1561 1723 1862 1780 senserunt,
1882 1709 2012 1790 quia

278 1799 390 1856 sive
419 1819 623 1878 corpus
658 1812 812 1870 esset,
845 1799 954 1858 sive
1002 1798 1183 1879 aliqua
1223 1798 1552 1878 compositio
1595 1798 1862 1878 corporiS,
1898 1817 2009 1854 non

278 1900 460 1965 posset
488 1887 677 1965 utique
700 1886 1082 1944 immortaliter
1099 1908 1438 1966 permanere.
1462 1886 1575 1957 Qui
1589 1906 1717 1945 vero
1746 1891 1859 1960 eJ'us
1881 1885 2009 1942 sub-

269 1976 522 2032 stantiam
546 1975 718 2033 vitam
747 1975 1046 2054 quamdam
1075 1995 1425 2055 nequaquam
1455 1995 1796 2054 corpoream,
1825 1995 2009 2054 quan-

276 2062 575 2142 doquidem
598 2063 771 2122 vitam
791 2084 952 2120 omne
980 2063 1168 2122 vivum
1197 2083 1402 2143 corpus
1427 2063 1754 2120 animantem
1783 2084 1845 2120 ac
1876 2063 2010 2121 vivi-

275 2152 532 2208 ficantem
561 2172 670 2208 esse
695 2163 1048 2230 repererunt3
1095 2164 1486 2231 consequenter
1528 2164 1581 2209 et
1616 2150 2003 2223 immortalem,

275 2239 407 2318 quia
426 2239 536 2297 vita
554 2259 734 2296 carere
756 2239 867 2297 vita
878 2260 990 2296 non
1004 2251 1202 2319 potest.
1225 2252 1285 2296 ut
1306 2239 1536 2319 quisque
1549 2238 1752 2319 potuit,
1770 2239 2008 2318 probare

275 2327 457 2384 conati
484 2339 627 2385 sunt.
662 2327 802 2383 Nam
818 2326 885 2384 de
905 2327 1101 2406 quinto
1123 2326 1217 2384 illo
1241 2327 1420 2384 nescio
1437 2349 1547 2407 quo
1573 2349 1827 2407 corpore,
1856 2327 2007 2407 quod

273 2412 568 2472 notissimis
592 2427 831 2495 quatuor
858 2416 1029 2491 hujus
1067 2415 1260 2473 mundi
1304 2415 1580 2474 elementis
1608 2415 1833 2496 quidam
1866 2436 2007 2474 con-

266 2506 576 2578 jungentes,
611 2503 747 2560 hinc
777 2503 1011 2560 animam
1030 2525 1137 2561 esse
1161 2503 1432 2575 dixerunt,
1466 2504 1576 2561 hoc
1619 2503 1742 2562 loco
1763 2503 1859 2562 diu
1889 2503 2006 2562 dis-

274 2589 561 2647 serendum
585 2612 696 2648 non
719 2603 877 2671 put0.
916 2593 1025 2648 Aut
1062 2591 1207 2648 enim
1245 2590 1354 2649 boc
1383 2604 1581 2651 vocant
1621 2612 1825 2671 corpus
1853 2591 2005 2672 quod

272 2701 395 2750 noS,
427 2684 585 2755 cujus
631 2679 690 2737 in
721 2679 833 2738 loci
856 2680 1039 2760 spatio
1082 2701 1209 2760 pars
1232 2693 1349 2738 toto
1382 2681 1562 2739 minor
1583 2693 1682 2750 est,
1735 2694 1788 2739 et
1809 2681 1866 2739 in
1898 2681 2005 2739 illis

274 2767 672 2825 annumerandi
699 2781 826 2825 sunt
855 2768 951 2847 qui
974 2780 1210 2826 mentem
1254 2789 1577 2848 corpoream
1610 2790 1718 2826 esse
1748 2768 2003 2827 credide-

270 2867 399 2911 runt
428 2877 442 2911 z
469 2868 564 2913 aut
594 2855 640 2912 si
667 2854 751 2914 vel
782 2875 1000 2913 omnem
1030 2855 1413 2927 substantiam,
1446 2856 1533 2916 vel
1570 2877 1787 2914 omnem
1818 2870 2003 2915 muta-

266 2941 437 2999 bilem
482 2942 865 3014 substantiam,
915 2964 1116 3024 corpus
1158 2943 1475 3023 appellant,
1509 2952 1637 3002 cuin
1674 2944 1847 3003 sciant
1889 2966 2000 3003 non

265 3050 482 3086 omnem
512 3029 764 3087 locorum
792 3031 980 3110 spatiis
1027 3031 1211 3111 aliqua
1236 3031 1578 3108 longitudine
1614 3046 1667 3091 et
1710 3032 1997 3092 latitudine

323 3160 338 3192 ⁸
363 3160 469 3204 Psal.
494 3173 556 3209 ιι,
579 3173 628 3210 23
650 3174 721 3214 cx,
749 3173 784 3211 1,
805 3167 844 3202 et
862 3175 1044 3212 cnxvu,
1068 3177 1105 3206 1.
1126 3185 1181 3194 -
1198 3162 1217 3191 ²
1237 3167 1355 3207 Dent.
1378 3179 1437 3222 vt,
1462 3166 1504 3222 5,
1530 3173 1569 3208 et
1588 3162 1733 3207 Mani».
1755 3178 1861 3220 xxu,
1885 3166 1956 3216 37.
