2144 3808
343 284 424 355 84
862 305 905 344 5.
934 304 1267 354 (Αυ5υ5ΤιΝΙ
1313 305 1570 348 EPIscorr

340 385 567 467 quando
599 386 892 446 nobiscum
937 388 1122 464 agiti8‚
1169 391 1512 471 superfluum
1546 412 1764 472 prorsus
1793 414 1903 452 esse
1940 415 2075 470 cog-

340 497 506 534 nosce
533 497 546 533 :
581 489 636 534 et
663 477 707 534 si
729 477 832 536 tibi
872 478 1215 558 expugnandi
1255 481 1597 539 occurrerint
1646 482 1942 541 Sabelliani
1971 529 1985 551 ‚
2016 483 2074 542 in

341 587 432 624 eos
456 565 555 623 ista
580 565 740 624 nobis
766 566 1028 646 vobisque
1051 568 1364 633 communia
1386 614 1401 640 ‚
1433 570 1474 627 si
1508 570 1716 650 placet,
1753 593 1900 630 arma
1934 592 2074 642 con-

339 668 503 715 verte.
537 653 709 735 Multa
726 656 890 712 etiam
910 654 1127 713 locutus
1152 677 1226 726 es,
1251 658 1593 737 ut=probares
1613 681 1870 736 magnum
1898 661 2073 720 Deum

338 766 450 804 esse
479 743 777 802 Dominum
801 744 990 802 Jesum
1013 744 1297 803 Christum
1328 767 1342 802 :
1372 745 1482 804 hoc
1507 745 1643 827 quid
1670 747 1739 806 ad
1767 752 1903 820 nos,
1941 770 2073 808 cum

337 834 450 893 hoc
471 828 720 892 dicamus
732 837 927 892 etnos‘?
943 834 1157 892 Laudes
1178 855 1398 915 quoque
1417 835 1654 916 Spiritus
1664 838 1837 896 sancti
1853 859 2073 914 magnas

337 943 601 1004 verasque
631 920 823 980 fudisti
857 944 871 980 ε
910 922 1003 982 sed
1031 944 1131 980 nos
1153 945 1240 982 eas
1268 944 1459 1000 augere
1481 945 1771 1004 possumus
1793 973 1808 998 ‚
1841 948 1955 985 non
1971 948 2073 985 ne-

337 1034 462 1089 gare
495 1034 508 1070 :
542 1033 653 1071 non
685 1011 869 1093 itaque
897 1033 1037 1092 opus
1065 1025 1180 1070 erat
1201 1059 1215 1084 ,
1252 1025 1312 1070 ut
1339 1034 1426 1071 eas
1463 1027 1654 1072 contra
1690 1035 1789 1072 nos
1821 1014 2027 1074 diceres
2052 1062 2068 1087 ‚

335 1122 473 1182 quas
502 1100 738 1159 dicimus
767 1113 964 1160 tecum.
980 1100 1263 1159 Christum
1286 1100 1466 1160 sedere
1489 1102 1557 1160 ad
1579 1102 1848 1161 dexteram
1870 1104 2070 1175 Patris,

334 1210 518 1248 nonne
544 1188 752 1270 pariter
782 1189 1152 1247 confitemur?
1178 1189 1344 1261 Quod
1370 1203 1553 1247 tamen
1577 1191 1895 1249 testimoniis
1923 1190 2075 1253 divi-

334 1299 533 1337 norum
575 1277 931 1360 Eloquiorum
979 1278 1057 1337 sic
1101 1279 1340 1359 probare
1395 1278 1612 1337 voluisti
1641 1326 1655 1350 ,
1703 1293 1962 1360 tanquam
2011 1278 2070 1338 id

335 1366 544 1425 alicubi
567 1388 903 1443 negaremus,
936 1366 1224 1424 Christum
1269 1367 1326 1424 in
1372 1388 1536 1426 carne
1567 1368 1807 1439 venisse,
1856 1368 2076 1448 utrique

332 1456 586 1514 novimus
603 1469 657 1514 et
677 1469 924 1513 tenemus
951 1477 966 1512 z
997 1455 1073 1513 sic
1100 1454 1407 1514 adhibuisti
1432 1469 1492 1513 ut
1515 1455 1620 1515 hoc
1646 1455 1867 1514 doceres
1888 1455 2077 1516 divina

334 1544 642 1608 testimonia
664 1591 677 1616 ‚
711 1557 974 1625 tanquam
1000 1565 1387 1624 repugnemus,
1435 1544 1571 1602 Haec
1600 1557 1653 1603 et
1676 1544 1779 1603 alia
1811 1565 1938 1626 quae
1968 1546 2077 1604 suis

246 1680 249 1683 κ
334 1633 616 1692 ostendam
645 1633 814 1707 lociS‚
842 1633 909 1698 in>
933 1634 1137 1713 quibus
1158 1655 1391 1714 operam
1418 1655 1816 1713 supervacuam
1863 1633 2077 1692 contri-

332 1723 458 1803 visti
480 1771 494 1795 ‚
525 1736 588 1782 ut
617 1744 795 1781 moras
824 1736 1065 1781 necteres
1093 1769 1106 1794 ‚
1144 1735 1467 1803 tempusque
1506 1721 1837 1803 produceres
1862 1769 1878 1795 ‚
1915 1744 2076 1782 com-

333 1812 692 1871 memorando
718 1812 979 1890 attingere
1004 1812 1201 1884 debe0‚
1232 1834 1344 1870 non
1361 1812 1686 1887 redarguere
1711 1811 2067 1893 disputando,

331 1953 335 1957 .
418 1903 463 1961 l.
516 1929 542 1955 «
574 1901 724 1960 Dicis
763 1923 851 1960 me
881 1902 1082 1961 auxilio
1117 1902 1440 1986 principum
1481 1901 1753 1960 munitum
1784 1922 1896 1959 non
1924 1900 2078 1981 loqui

333 1990 636 2049 secundum
665 1991 918 2049 timorem
945 1991 1046 2049 Dei
1073 2013 1087 2048 ε
1115 2018 1141 2046 >2
1173 2013 1300 2050 cum
1329 1991 1467 2048 scias
1498 1990 1658 2048 nobis
1686 2011 1795 2047 esse
1818 2010 2078 2070 praecep-

335 2094 453 2137 tum
488 2101 642 2138 orare
670 2101 774 2161 pro
801 2080 1059 2156 regibus,
1093 2094 1155 2138 ut
1178 2080 1238 2138 in
1268 2079 1598 2156 agnitionem
1624 2078 1846 2138 veniant
1869 2077 2076 2138 verita-

332 2167 469 2226 tis¹z
456 2167 684 2250 ·quod
668 2190 726 2226 111
750 2168 1088 2250 quibusdam
1110 2190 1219 2227 esse
1240 2125 1567 2249 imbpletum,
1594 2188 1691 2225 nos
1716 2168 1829 2225 Deo
1865 2166 2078 2243 agimus

334 2259 578 2335 gratiaS,
620 2279 717 2317 vos
746 2257 957 2318 doletis.
969 2244 1150 2316 Verba
1171 2271 1354 2316 autem
1385 2269 1570 2315 nostra
1589 2269 1735 2315 recte
1759 2255 2077 2332 intelligen-

335 2348 486 2406 tibus
513 2347 764 2406 indicant
786 2348 954 2428 ‚quis
980 2361 1233 2407 nostium
1267 2347 1529 2427 loquatur
1566 2344 1872 2404 secundum
1903 2344 2076 2402 timo-

334 2446 447 2504 rem
476 2436 610 2508 Dei,
636 2451 820 2495 utrum
850 2436 948 2518 qui
976 2437 1053 2496 sic
1082 2437 1273 2495 laudat
1301 2437 1481 2493 Deum
1508 2436 1725 2493 Patrem
1744 2481 1759 2506 ‚
1788 2447 1848 2491 ut
1871 2432 1940 2492 ad
1962 2437 2077 2509 ejus

333 2525 556 2584 laudem
601 2525 826 2597 referat,
864 2526 1016 2607 quod
1055 2528 1157 2585 sihi
1206 2527 1405 2585 Filium
1450 2524 1725 2601 generavit
1762 2523 2073 2603 aequalen13

337 2637 407 2673 an
436 2615 532 2696 qui
558 2615 634 2675 sic
665 2616 964 2692 genitorem
995 2616 1322 2674 dehonestat
1354 2628 1408 2673 et
1436 2613 1711 2690 genitum,
1746 2626 1806 2670 ut
1834 2625 1887 2670 et
1912 2611 2071 2670 illum

335 2704 487 2762 dicat
520 2726 631 2763 non
655 2696 895 2785 potuisse
924 2704 1140 2782 gignere
1162 2726 1263 2787 per
1292 2703 1477 2761 omnia
1506 2701 1588 2758 sui
1619 2700 1847 2758 similem
1869 2699 2070 2770 filium,

335 2806 388 2850 et
417 2794 583 2851 istum
619 2792 767 2852 dicat
810 2814 923 2851 non
952 2793 1297 2871 degenerasse
1318 2796 1435 2868 jam
1461 2802 1684 2861 natum,
1721 2787 1813 2847 sed
1841 2787 2078 2866 degene-

336 2902 451 2938 rem
478 2894 689 2940 natum.

420 2971 492 3029 11.
544 2996 569 3022 c<
599 2969 750 3028 Dicis
783 2990 878 3030 vos
905 2970 1190 3030 Christum
1217 2969 1420 3040 colere,
1452 2981 1515 3028 ut
1538 2969 1713 3027 Deum
1738 2965 1914 3026 omnis
1930 2985 2077 3024 crea-

338 3069 476 3116 turae
497 3103 510 3129 ‚
550 3057 638 3115 cui
669 3056 911 3116 flectitur
950 3080 1111 3118 omne
1141 3080 1312 3135 genu,
1350 3057 1658 3116 coelestium
1684 3101 1698 3128 ,
1741 3053 2077 3133 terrestrium

337 3144 765 3227 etinfernorum
797 3167 812 3204 :
841 3174 867 3201 »
896 3167 1060 3229 quem
1086 3160 1268 3226 tamen
1298 3147 1413 3206 Deo
1447 3145 1601 3206 Patri
1637 3164 1748 3204 esse
1769 3163 1882 3203 non
1909 3139 2078 3203 vultis
2143 3174 2144 3177 ¹

398 3247 413 3278 ἲ
444 3266 455 3289 ι
486 3253 588 3290 'sint
616 3263 666 3302 ιι,
690 3264 731 3294 2.
