2144 3808
571 328 644 366 nn
685 323 1006 377 rammam,
1053 323 1165 365 mn.
1218 323 1284 365 11.
1685 309 1801 370 225

79 411 198 470 eam
220 430 331 492 qua
351 409 721 486 intelligimus,
745 429 857 466 non
885 405 1108 487 quidem
1145 405 1409 465 minorem
1432 428 1542 468 esse
1570 410 1799 484 Filium,

79 499 173 557 sed
197 499 459 579 aequalem
500 498 687 569 Patri,
735 510 918 554 tamen
963 495 1035 553 ab
1084 493 1178 552 illo
1206 493 1361 554 hune
1396 517 1504 554 esse
1533 498 1712 557 Deum
1736 501 1806 560 de

82 589 221 661 De0,
251 589 436 646 lumen
460 587 528 646 de
558 586 782 647 lumine.
823 584 1021 644 Filium
1041 584 1250 665 quippe
1271 584 1506 644 dicimus
1530 586 1706 645 Deum
1740 589 1809 648 de

82 679 198 736 Deo
227 699 242 734 ε
289 679 504 735 Patrem
535 690 713 735 autem
747 677 922 733 Deum
953 686 1191 746 tantum,
1220 694 1332 731 non
1365 672 1434 733 de
1466 676 1602 736 Deo,
1651 678 1811 737 Unde

81 764 425 824 manifestum
453 780 531 825 est
560 765 712 845 quod
754 763 923 821 Filius
950 763 1158 820 habeat
1198 762 1367 821 alium
1395 763 1464 821 de
1494 785 1607 845 quo
1637 766 1728 839 sit,
1755 780 1811 825 et

84 854 176 912 cui
193 854 361 912 Filius
381 855 483 913 sit:
518 858 682 913 Pater
701 865 881 911 autem
909 872 1022 909 non
1042 850 1243 909 Filium
1264 850 1333 908 de
1355 872 1468 932 quo
1486 854 1556 911 sit
1582 853 1809 930 habeat,

84 942 177 1002 sed
206 957 417 1002 tantum
439 944 528 1003 cui
562 944 724 1007 Pater
765 941 853 1001 sit.
886 939 1084 1000 Omnis
1119 940 1264 998 enim
1287 939 1432 1000 filius
1464 941 1532 1000 de
1558 957 1716 1024 patre
1737 960 1819 1005 est

82 1031 234 1113 quod
259 1046 360 1105 est,
383 1046 438 1092 et
473 1031 620 1114 patri
648 1031 795 1090 filius
827 1042 908 1088 est
942 1051 958 1086 ε
986 1027 1172 1087 nullus
1211 1041 1392 1087 autem
1422 1044 1580 1111 pater
1607 1032 1676 1092 de
1698 1034 1814 1093 filio

83 1134 163 1179 est
185 1122 337 1202 quod
357 1136 457 1195 est,
486 1122 579 1181 sed
602 1121 717 1180 filio
738 1132 897 1201 pater
925 1131 1021 1177 est.

165 1212 270 1271 III.
311 1211 583 1285 Quaedam
603 1211 789 1291 itaque
802 1208 880 1267 ita
904 1220 1190 1288 ponuntur
1209 1209 1268 1266 in
1292 1207 1594 1289 Scripturis
1616 1211 1686 1270 de
1716 1215 1831 1271 Pa-

85 1312 166 1359 tre
187 1314 242 1359 et
262 1301 426 1373 Filio,
447 1314 512 1360 ut
529 1299 776 1360 indicent
790 1297 1055 1356 unitatem
1077 1294 1561 1379 aequalitatemque
1573 1299 1826 1362 substan-

83 1388 201 1461 tiae,
224 1388 388 1448 sicuti
409 1403 489 1448 est
517 1411 531 1446 :
561 1414 589 1443 <c
613 1387 730 1465 Ego
741 1384 798 1446 'et
818 1387 984 1445 Pater
1004 1405 1178 1443 unum
1196 1385 1420 1443 sumus1
1440 1408 1454 1443 :
1485 1413 1512 1440 >2
1529 1400 1603 1461 et,
1633 1414 1659 1442 «
1683 1391 1830 1451 Cum

84 1503 112 1531 >2
143 1477 201 1535 in
247 1477 424 1537 forma
467 1478 571 1537 Dei
609 1489 774 1549 esset,
818 1496 933 1549 non
977 1473 1229 1554 rapinam
1274 1473 1566 1534 arbitratus
1607 1492 1685 1537 est
1721 1502 1832 1540 esse

67 1566 311 1648 ‚aequalis
344 1567 501 1625 De02
525 1570 550 1625 P
579 1580 633 1624 et
661 1585 1028 1646 quaecumque
1064 1562 1195 1621 talia
1219 1575 1365 1622 sunt.
1398 1565 1672 1636 Quaedam
1703 1589 1832 1630 vero

83 1655 182 1726 ita,
211 1669 274 1714 ut
299 1656 568 1714 minorem
596 1653 888 1712 ostendant
912 1652 1115 1711 Filium
1143 1665 1377 1732 propter
1403 1651 1637 1714 formam
1662 1659 1826 1731 servi,

83 1738 142 1800 id
157 1757 257 1816 est,
283 1757 512 1825 propter
531 1755 870 1822 assumptam
899 1753 1206 1798 creaturam
1226 1740 1512 1799 mutabilis
1532 1742 1834 1805 humanae-

85 1851 192 1911 que
235 1832 556 1890 substantiae
582 1877 600 1903 ,
642 1829 804 1889 sicuti
850 1841 928 1886 est
955 1827 1107 1908 quod
1149 1828 1224 1886 ait
1252 1850 1267 1885 :
1297 1854 1324 1882 <t
1356 1829 1631 1901 Quoniam
1661 1834 1828 1894 Pater

86 1944 115 1973 »
143 1924 319 1995 major
341 1941 428 1978 me
455 1934 534 1978 est
570 1941 586 1977 ι
627 1931 702 1988 et,
736 1918 900 1975 Pater
936 1937 1051 1974 non
1074 1915 1290 1992 judicat
1332 1938 1691 2000 quemquam,
1729 1923 1824 1982 esd

85 2033 113 2060 >2
143 2027 303 2071 omne
330 2007 605 2084 judicium
641 2005 794 2065 dedit
814 2004 951 2063 Filio
970 2004 1011 2064 3.
1036 2031 1064 2058 >2
1097 2006 1234 2062 Nam
1265 2005 1432 2085 paulo
1469 2022 1594 2087 post
1639 2032 1837 2070 conse..

84 2108 312 2175 quenter
335 2097 409 2154 ait
436 2117 450 2153 ε
485 2122 512 2149 c<
535 2098 606 2153 Et
624 2106 952 2176 potestatem
985 2091 1139 2151 dedit
1154 2093 1202 2150 ei
1242 2106 1297 2151 et
1321 2093 1599 2169 judicium
1621 2098 1821 2172 facere,

86 2208 115 2237 >›
146 2184 408 2264 quoniam
434 2183 606 2243 Filius
626 2181 868 2241 hominis
901 2194 981 2238 est
1005 2180 1049 2240 4.
1080 2207 1107 2233 »
1138 2179 1410 2251 Quaedam
1450 2205 1620 2263 porro
1641 2187 1740 2260 ita,
1770 2203 1834 2248 ut

86 2293 190 2331 nec
216 2273 400 2331 minor
415 2294 516 2331 nec
533 2271 762 2353 aequalis
790 2283 924 2327 tunc
946 2268 1285 2341 ostendatur,
1320 2269 1414 2328 sed
1437 2284 1655 2333 tantum
1679 2277 1833 2357 quod

87 2357 156 2416 de
185 2359 350 2417 Patre
376 2360 445 2417 sit
470 2360 779 2427 intimetur,
817 2370 879 2415 ut
902 2370 980 2414 est
1000 2355 1174 2414 illud:
1207 2383 1234 2411 «
1261 2358 1419 2417 Sicut
1445 2359 1620 2420 habet
1660 2365 1831 2424 Pater

87 2473 115 2501 »
142 2447 312 2506 vitam
343 2448 401 2505 in
421 2448 733 2527 semetip80,
775 2446 852 2504 sic
890 2444 1044 2503 dedit
1068 2445 1201 2504 Filio
1227 2446 1399 2506 vitam
1422 2448 1628 2509 habere
1651 2452 1710 2510 in
1738 2475 1827 2511 se-

92 2563 120 2591 »
146 2536 379 2618 metipso
406 2536 464 2594 5:
494 2550 547 2596 et
577 2536 719 2595 illud
749 2558 764 2593 ε
794 2561 821 2589 c<
844 2535 1034 2614 Neque
1053 2535 1199 2592 enim
1222 2549 1402 2615 potest
1420 2538 1587 2597 Filius
1612 2562 1640 2598 a
1665 2562 1720 2599 se
1733 2542 1825 2600 fa-

88 2651 118 2679 »
141 2645 261 2684 cere
290 2625 619 2708 quidquam,
646 2624 750 2683 nisi
771 2622 923 2704 quod
943 2621 1143 2682 viderit
1158 2622 1379 2681 Patrem
1400 2623 1691 2686 facientem
1719 2630 1761 2688 ⁶.
1790 2657 1818 2683 >›

90 2713 257 2786 Quod
277 2715 319 2772 si
345 2728 637 2795 propterea
651 2712 866 2771 dictum
882 2711 1274 2791 acceperimuS,
1296 2711 1427 2792 quia
1445 2714 1503 2772 in
1525 2713 1702 2775 forma
1719 2739 1819 2776 ac-

85 2813 247 2883 cepta
261 2822 320 2858 ex
336 2816 586 2861 creatura
603 2802 785 2860 minor
798 2814 878 2859 est
890 2800 1081 2871 Filius,
1101 2821 1436 2881 consequens
1459 2803 1560 2861 erit
1577 2818 1639 2862 ut
1657 2806 1815 2886 prior

89 2890 255 2949 Pater
267 2910 431 2970 super
460 2911 627 2971 aquas
656 2888 1038 2958 ambulaverit,
1068 2902 1163 2946 aut
1188 2888 1419 2966 alicujus
1444 2890 1661 2952 alterius
1683 2896 1822 2954 caeci

88 2978 206 3036 nati
232 2978 300 3036 de
331 2991 495 3058 sputo
541 2991 594 3036 et
619 2978 736 3036 luto
767 2977 955 3036 oculos
985 2977 1260 3058 aperuerit
1289 2976 1337 3050 ⁷,
1382 2991 1437 3037 et
1463 2994 1661 3041 caetera
1689 3004 1819 3065 quae

92 3065 261 3125 Filius
287 3068 346 3127 in
372 3088 532 3126 carne
560 3087 830 3147 apparens
845 3066 986 3124 inter
1013 3066 1263 3125 homines
1282 3065 1434 3135 fecit,
1467 3082 1528 3129 ut
1544 3085 1726 3152 posset
1753 3093 1817 3131 ea

151 3191 168 3220 ¹
190 3194 308 3233 Joan.
329 3205 371 3242 x,
394 3194 461 3236 30.
484 3216 542 3225 -—
562 3190 583 3220 ²
602 3191 754 3247 Philip.
771 3205 823 3240 11,
838 3168 887 3232 ¹6.
904 3213 962 3223 -
981 3187 1001 3220 3
1015 3194 1137 3235 Joan.
1160 3193 1337 3243 x1v‚28.
1360 3215 1418 3225 --
1437 3190 1457 3222 ⁴
1471 3193 1535 3238 Id.
1551 3209 1591 3251 v,
1612 3209 1663 3236 21
1683 3203 1725 3239 et
1741 3210 1816 3249 27·

91 3277 150 3289 ·--
170 3253 188 3286 ⁵
209 3257 315 3299 Ibid.
339 3260 408 3299 26.
429 3281 487 3290 -
509 3256 530 3288 ⁶
546 3257 654 3302 Ibid.
679 3272 752 3313 29·
774 3278 833 3289 -
854 3253 874 3287 ⁷
894 3256 1047 3302 Matth.
1062 3271 1147 3310 xtv,
1165 3260 1236 3310 26,
1254 3265 1294 3302 et
1312 3262 1432 3304 Joan.
1456 3274 1515 3317 ix,
1538 3263 1580 3303 6.

293 3342 543 3385 cxxxvn.
1544 3347 1563 3385 1
1577 3326 1614 3386 5
