2144 3808
305 328 423 397 284
833 349 878 386 ε.
933 347 1239 388 Aucusrmi
1284 350 1542 389 muscum

301 427 543 508 sapimus
568 427 637 488 ad
664 429 1083 511 temperantiam
1099 429 1146 502 1,
1172 431 1314 490 sicut
1343 434 1490 490 Deus
1517 432 1677 491 nobis
1699 433 1933 514 partitus
1951 447 2031 494 est
2053 476 2057 478 -

301 538 610 576 mensuram
639 518 802 590 fidei,
828 532 880 576 et
900 519 1201 604 credimu8‚
1229 535 1458 601 propter
1477 521 1629 602 quod
1652 535 1706 579 et
1725 522 2022 603 loquimur.

300 607 462 666 Extat
489 608 636 665 enim
681 607 974 666 auctoritas
1021 608 1334 668 divinarum
1378 610 1792 690 Scripturarum
1815 659 1830 683 ,
1883 610 2030 670 unde

300 715 454 754 mens
480 708 665 755 nostra
698 695 914 756 deviare
936 717 1049 754 non
1089 696 1285 768 debet,
1326 718 1428 755 nec
1458 697 1648 756 relicto
1674 698 2030 758 solidamento

302 783 478 844 lelIll
504 785 709 868 eloqull
731 807 831 867 per
857 808 1232 868 susplfflonum
1256 809 1479 847 suarum
1505 787 1745 868 abrupta
1766 789 2032 869 praeClpl-

210 906 214 911 ·
301 873 443 946 tari,
476 874 576 933 ubi
605 895 714 933 nec
738 896 922 934 sensus
951 876 1198 956 corporis
1226 874 1400 953 regit,
1435 898 1536 934 nec
1562 876 1855 975 perspicua
1893 876 2032 935 ratio

300 963 544 1022 veritatis
564 962 758 1023 elucet.
791 965 1141 1045 Apertissime
1157 966 1368 1046 quippe
1396 965 1666 1046 scriptum
1693 965 1849 1023 estin
1876 965 2032 1045 Epis-

303 1049 414 1109 tola
443 1050 511 1110 ad
534 1052 828 1123 HebraeOS,
853 1073 980 1110 cum
1004 1051 1335 1132 dispensatio
1365 1054 1510 1112 Novi
1527 1053 1856 1112 Testamenti
1880 1076 1909 1111 a
1925 1053 2034 1111 dis-

299 1139 620 1218 pensatione
656 1139 862 1199 Veteris
897 1140 1234 1198 Testamenti
1270 1139 1574 1199 secundum
1623 1141 2033 1216 congruentiam

301 1226 632 1286 saeculorum
663 1249 725 1286 ac
752 1241 1064 1308 temporum
1087 1228 1534 1307 distingueretur,
1563 1250 1676 1286 non
1704 1241 1917 1286 tantum
1939 1228 2036 1287 illa

301 1314 536 1373 visibilia
552 1362 568 1388 ,
593 1315 687 1374 sed
708 1318 891 1398 ipsum
911 1317 1075 1374 etiam
1098 1338 1399 1375 sermonem
1420 1337 1520 1397 per
1546 1315 1779 1392 Angelos
1797 1315 2026 1376 factum.

301 1400 396 1460 Sic
419 1404 564 1461 enim
588 1404 726 1463 dicit
757 1427 771 1462 ε
815 1431 842 1458 «
869 1404 955 1464 Ad
984 1425 1150 1484 quem
1186 1418 1367 1462 autem
1403 1404 1735 1480 Angelorum
1765 1403 1899 1461 dixit
1931 1403 2036 1462 ali-

301 1515 330 1545 »
359 1492 582 1571 quando
619 1515 634 1550 :
658 1492 800 1552 Sede
825 1493 894 1552 ad
923 1493 1194 1552 dexteram
1219 1515 1395 1552 meam
1421 1540 1434 1566 ,
1480 1514 1591 1574 quo
1622 1513 1793 1573 usque
1829 1513 2035 1573 ponam

303 1604 332 1635 >³
358 1580 613 1641 inimicos
638 1596 760 1642 tuos
782 1583 1082 1642 scabellum
1108 1582 1315 1664 pedum
1339 1596 1562 1641 tuorum
1585 1586 1609 1641 Ρ
1635 1583 1828 1640 Nonne
1849 1602 2036 1640 omnes

302 1692 332 1722 »
363 1683 490 1729 sunt
517 1672 751 1732 ministri
780 1672 1032 1752 spiritua,
1076 1672 1144 1730 ad
1169 1673 1624 1731 ministrationem
1651 1671 1829 1743 missi,
1860 1691 2034 1753 prop-

297 1783 335 1814 »
360 1772 439 1818 ter
465 1781 554 1819 eos
582 1762 682 1842 qui
705 1762 881 1821 futuri
909 1776 1036 1821 sunt
1056 1761 1377 1841 haereditate
1399 1760 1673 1842 possidere
1697 1759 1925 1818 salutem
1943 1760 2034 1818 2P»

301 1848 448 1908 Hinc
489 1850 726 1911 ostendit
763 1851 857 1910 illa
887 1851 1071 1910 omnia
1100 1872 1211 1910 non
1242 1850 1416 1909 solum
1449 1871 1550 1931 per
1580 1848 1811 1925 Angelos
1838 1847 1984 1906 facta
2012 1894 2029 1921 ,

299 1937 394 1996 sed
437 1940 600 1998 etiam
642 1953 875 2021 propter
897 1961 996 1998 nos
1029 1938 1207 2011 facta,
1246 1939 1307 1997 id
1345 1952 1456 2011 est,
1499 1951 1728 2019 propter
1755 1937 2034 2018 populum

299 2026 429 2099 Dei,
451 2029 542 2087 cui
562 2029 907 2109 promittitur
929 2028 1225 2088 haereditas
1245 2028 1374 2087 vitae
1393 2042 1630 2086 aeternae.
1659 2027 1815 2084 Sicut
1838 2026 1905 2085 ad
1927 2026 2034 2084 Co-

298 2115 534 2175 rinthios
561 2117 728 2176 etiam
755 2119 1027 2199 scriptum
1055 2131 1133 2176 est
1160 2139 1174 2174 ε
1205 2143 1230 2170 ε(
1252 2117 1454 2178 Omnia
1475 2115 1601 2174 haec
1624 2115 1682 2173 in
1707 2117 1880 2191 figura
1905 2137 2034 2174 con·

299 2230 327 2258 »
359 2204 644 2282 tingebant
679 2205 817 2275 illis;
872 2206 1079 2287 scripta
1117 2219 1245 2264 sunt
1286 2217 1468 2263 autem
1513 2203 1584 2263 ad
1628 2206 2032 2285 correptionem

299 2319 328 2347 >2
362 2307 635 2368 nostram,
668 2295 886 2378 inques
922 2295 1048 2354 finis
1086 2294 1416 2354 saeculorum
1445 2293 1727 2352 obvenit³.
1758 2319 1783 2346 n
1825 2292 2032 2351 Deinde

301 2383 433 2464 quia
471 2396 605 2443 tunc
634 2406 734 2466 per
766 2385 1027 2461 AngeIOS‚
1074 2405 1223 2442 nunc
1250 2381 1452 2443 'autem
1489 2403 1589 2464 per
1634 2381 1828 2440 Filium
1857 2403 2031 2441 sermo

299 2472 478 2531 factus
500 2487 607 2547 est,
637 2487 1033 2555 consequenter
1056 2486 1347 2554 aperteque
1360 2467 1739 2531 demonstrans
1762 2492 1776 2527 z
1801 2498 1826 2524 c<
1845 2471 2032 2551 Prop-

301 2588 329 2616 »
363 2574 540 2635 terea,
586 2563 804 2645 inquit,
850 2562 1222 2622 abundantius
1255 2574 1471 2643 oportet
1517 2559 1792 2619 attendere
1832 2581 1929 2617 nos
1976 2581 2037 2618 ea

304 2675 330 2702 >³
363 2671 491 2731 quae
523 2650 867 2724 audivimUS,
911 2674 978 2710 ne
1003 2651 1143 2711 forte
1182 2650 1485 2713 defluamus
1520 2672 1533 2706 ε
1569 2649 1611 2706 si
1640 2648 1783 2706 enim
1813 2648 1910 2728 qui
1937 2670 2037 2729 per

300 2765 328 2792 >³
360 2739 591 2817 Angelos
630 2739 810 2800 dictus
838 2754 917 2799 est
937 2788 952 2813 ,
1002 2761 1175 2800 sermo
1210 2738 1389 2798 factus
1416 2750 1494 2796 est
1522 2738 1712 2796 firmus
1734 2785 1748 2810 ‚
1783 2750 1836 2795 et
1861 2737 2037 2795 omnis

305 2854 333 2882 ›>
359 2830 744 2909 praevaricatio
773 2844 825 2889 et
863 2829 1236 2890 inobedientia
1263 2832 1471 2904 justam
1515 2827 1727 2908 accepit
1770 2826 2035 2886 mercedis

302 2945 331 2971 »
361 2919 776 2978 retributionem
796 2967 811 2992 ,
841 2919 1120 3001 quomodo
1144 2940 1242 2979 nos
1270 2918 1583 2994 effugiemus
1623 2930 1828 2976 tantam
1858 2915 2035 2993 negli—

299 3032 330 3062 »
359 3020 540 3084 gentes
567 3008 830 3068 salutem!⁸
848 3014 902 3069 Ρ»
937 3012 1008 3068 Et
1030 3008 1188 3089 quasi
1211 3029 1480 3089 quaereres
1508 3028 1674 3088 quam
1695 3006 1946 3077 salutem,
1974 3018 2037 3064 ut

300 3096 606 3155 ostenderet
626 3119 679 3155 se
701 3097 769 3156 de
794 3100 952 3177 Novo
968 3098 1315 3156 Testamento
1325 3100 1443 3172 jam
1467 3095 1647 3155 dicere
1665 3141 1679 3167 ,
1707 3094 1764 3152 id
1790 3107 1866 3151 est
1875 3139 1890 3165 ,
1920 3114 2035 3152 ser-

287 3206 460 3259 {mone
476 3185 573 3267 qui
602 3207 713 3244 non
734 3207 834 3267 per
859 3185 1090 3262 Angelos
1109 3233 1124 3258 ,
1153 3185 1245 3244 scd
1268 3206 1368 3267 per
1388 3184 1694 3244 Dominum
1721 3181 1898 3240 factus
1921 3195 2027 3240 est:

355 3292 368 3322 ¹
392 3297 511 3338 Rom⁴
534 3307 612 3351 xm,
637 3296 676 3338 3.
693 3316 748 3326 —
769 3293 939 3336 211etr.
965 3295 1161 3346 1,13.-
1178 3290 1195 3324 3
1225 3309 1240 3335 1
1266 3295 1360 3336 Cor.
1384 3308 1425 3346 x,
1459 3308 1525 3337 ιι.
1545 3309 1607 3322 -’
1628 3287 1644 3320 ⁴
1676 3290 1801 3337 liebr.
1826 3304 1881 3347 ιι,
1911 3304 1948 3338 ι,
