2144 3808
309 334 425 395 208
834 353 878 391 s,
934 349 1237 391 Aucusrlm
1282 350 1539 391 EPISCOPI

304 457 454 496 nunc
482 433 795 517 interpellat
820 457 924 515 pro
955 434 1114 493 nobis
1132 433 1184 505 st,
1232 447 1293 492 ut
1330 439 1448 510 jam
1473 456 1584 493 non
1608 447 1761 512 roget
1786 436 2031 511 Patrem,
2118 467 2122 474 ¹

308 528 436 607 quia
465 525 582 606 ipse
611 529 771 582 Pater
797 537 944 582 amat
974 544 1092 581 nos,
1131 523 1257 594 Quo
1282 537 1460 581 autem
1490 525 1684 583 merito
1706 571 1721 597 ‚
1763 525 1868 584 nisi
1887 525 2038 598 fidei,

306 637 416 696 qua
433 614 707 673 credimus
722 626 1016 692 antequam
1037 609 1179 669 illud
1194 611 1346 692 quod
1366 612 1710 692 promittitur
1725 614 2052 674 videamus?

305 710 409 764 Per
430 705 579 763 hanc
607 702 754 759 enim
793 699 1170 781 perveniemus
1212 698 1281 756 ad
1308 699 1568 778 speciem,
1617 713 1678 758 ut
1713 702 1845 761 tales
1872 717 2038 776 amet,

305 793 490 873 quales
521 804 668 849 amat
719 803 782 848 ut
826 790 1014 860 simu5‚
1049 809 1161 845 non
1199 787 1386 868 quales
1413 786 1538 846 odit·
1571 790 1701 868 quia
1745 810 1954 863 sumus,
1987 804 2042 849 et

302 881 562 939 hortatur
591 900 655 949 ac
680 890 906 959 praestat
922 897 990 934 ne
1014 875 1142 933 tales
1159 895 1267 932 esse
1291 896 1503 955 semper
1528 875 1777 937 velimuS.

296 1032 303 1045 ,
381 971 567 1029 XXII.
599 969 956 1048 Quapropter
978 965 1198 1040 cognita
1227 964 1328 1022 ista
1352 964 1536 1040 regula
1561 965 2044 1042 intelligendarum

307 1060 725 1139 Scripturarum
759 1055 828 1114 de
851 1054 992 1112 Filio
1015 1054 1142 1125 Dei,
1178 1066 1241 1110 ut
1264 1052 1664 1129 distinguamus
1696 1055 1834 1135 quid
1868 1056 1927 1114 in
1970 1057 2046 1115 eis

300 1161 453 1207 sonet
468 1144 773 1205 secundum
795 1143 1029 1202 formam
1053 1141 1175 1213 Dei,
1212 1141 1271 1198 in
1289 1161 1399 1220 qua
1421 1139 1647 1221 aequalis
1683 1155 1762 1200 est
1806 1143 1958 1202 Patri
1990 1156 2044 1202 et

296 1235 434 1318 quid
465 1232 769 1294 secundum
791 1230 1025 1290 formam
1053 1229 1193 1290 servi
1214 1250 1382 1310 quam
1414 1229 1697 1309 accepitin
1714 1251 1840 1311 qua
1862 1231 2046 1290 minor

297 1339 376 1384 est
396 1329 578 1392 Patre,
606 1342 720 1380 non
745 1319 1214 1379 conturbabimur
1241 1330 1506 1397 tanquam
1534 1319 1825 1377 contrariis
1858 1340 1923 1378 ac
1949 1341 2044 1379 re-

294 1411 678 1496 pugnantibus
698 1409 841 1468 inter
854 1429 907 1466 se
922 1418 1234 1465 sanctorum
1262 1404 1561 1462 Librorum
1583 1407 1874 1468 sententiis,
1899 1407 2043 1467 Nam

293 1499 599 1560 secundum
626 1496 861 1556 formam
891 1495 995 1554 Dei
1020 1493 1246 1575 aequalis
1275 1506 1355 1551 est
1385 1493 1533 1552 Patri
1553 1507 1606 1552 et
1626 1495 1798 1554 Filius
1822 1509 1876 1555 et
1907 1496 2042 1578 Spi-

294 1591 434 1649 ritus
461 1600 702 1658 sanctUS,
749 1584 879 1666 quia
901 1595 1094 1642 neuter
1135 1603 1326 1641 eorum
1358 1595 1606 1641 creatura
1634 1597 1735 1657 est,
1765 1586 1906 1644 sicut
1921 1590 2040 1662 jam

218 1695 221 1700 ’
295 1675 632 1738 ostendimus
665 1697 680 1732 t
706 1672 1020 1754 [secundum
1059 1683 1241 1730 autem
1282 1669 1515 1729 formam
1547 1671 1724 1746 servi,
1749 1673 1931 1732 minor
1961 1686 2041 1732 est

293 1764 646 1845 Patrefquia
667 1763 783 1844 ipse
810 1760 982 1819 dixit:
1025 1786 1053 1814 c<
1083 1761 1248 1818 Pater
1290 1763 1466 1835 major
1494 1780 1581 1817 me
1609 1773 1690 1819 est
1711 1761 1771 1818 ²:
1801 1787 1828 1815 »
1858 1762 2039 1821 minor

292 1869 374 1915 est
401 1876 456 1913 se
479 1854 624 1935 ipsu,
651 1851 785 1932 quia
808 1849 876 1907 de
895 1848 992 1908 illo
1017 1847 1233 1907 dictum
1257 1859 1336 1905 est
1359 1869 1373 1904 ε
1403 1873 1431 1901 «
1457 1847 1823 1930 Semetipsum
1849 1851 2036 1910 exina—

293 1972 322 2000 »
351 1944 493 2004 nivit
511 1943 564 1999 ὃς
586 1939 824 2018 »ξηιὴιοτ
854 1943 933 1997 e'st
962 1937 1176 2017 Spiritu
1198 1948 1412 2006 sancto,
1441 1936 1573 2016 quia
1594 1937 1712 2018 ipse
1732 1939 1842 1997 ait:
1869 1965 1896 1993 »
1923 1939 2036 2011 Qui

292 2061 321 2089 »
353 2031 549 2092 dixerit
568 2027 977 2108 blasphemiam
1003 2026 1062 2084 in
1091 2024 1293 2083 Filium
1323 2024 1588 2097 hominiS‚
1613 2027 1922 2086 remittetur
1950 2027 2031 2096 ei;

293 2148 322 2177 »
358 2122 457 2204 qui
482 2134 665 2180 autem
683 2115 877 2176 dixerit
898 2115 958 2174 in
983 2113 1254 2194 Spiritum
1283 2126 1531 2172 sanctum
1546 2160 1561 2186 ,
1595 2136 1707 2174 non
1730 2117 2037 2175 remittetur

287 2242 315 2269 »
342 2213 393 2271 ei
411 2210 460 2284 Δ,
494 2237 521 2264 »
547 2210 620 2267 Et
659 2207 718 2266 in
759 2205 881 2286 ipso
915 2203 1145 2263 virtutes
1182 2215 1441 2283 operatus
1487 2215 1604 2276 est,
1657 2203 1847 2263 dicens
1881 2227 1895 2263 z
1922 2231 1949 2260 <c
1974 2205 2036 2264 Si

286 2330 315 2359 >³
339 2323 438 2379 ego
450 2300 510 2359 in
527 2296 742 2378 Spiritu
756 2292 861 2352 Dei
875 2291 1032 2368 ejicio
1049 2290 1349 2363 daemonia,
1371 2303 1515 2349 certe
1532 2292 1846 2373 supervenit
1860 2314 2025 2374 super

284 2420 312 2448 ›>
341 2412 439 2453 vos
464 2406 694 2465 regnum
716 2382 820 2440 Dei
837 2381 879 2441 5.
913 2407 940 2435 ›>
964 2382 1036 2439 Et
1062 2378 1214 2461 apud
1257 2380 1456 2438 Isa'iam
1483 2378 1620 2439 dicit
1644 2426 1661 2453 ,
1711 2402 1880 2462 quam
1903 2381 2018 2441 lec-

283 2481 485 2540 tionem
498 2479 616 2559 ipse
636 2474 695 2534 in
711 2473 1000 2552 Synagoga
1018 2468 1291 2542 recitavit,
1321 2482 1376 2527 et
1402 2467 1470 2527 de
1483 2489 1537 2527 se
1558 2469 1888 2551 completam
1910 2471 2024 2530 sine

281 2566 544 2649 scrupulo
562 2559 925 2623 dubitationis
940 2556 1176 2616 ostendit
1197 2579 1212 2614 ε
1235 2583 1261 2610 «
1279 2557 1518 2638 Spiritus
1524 2603 1540 2630 ‚
1566 2557 1771 2638 inquit,
1796 2559 2023 2619 Domini

283 2685 311 2714 »
340 2677 505 2738 super
531 2674 641 2725 me,
664 2660 895 2732 propter
920 2645 1075 2728 quod
1097 2645 1251 2705 unxit
1271 2667 1380 2717 me,
1415 2644 1778 2720 evangelizare
1800 2668 2022 2728 paupe-

285 2774 313 2801 »
344 2746 503 2804 ribus
531 2741 680 2802 misit
702 2759 812 2811 me,
845 2734 1152 2817 praedicare
1171 2732 1403 2815 captivis
1430 2732 1798 2792 remissionem
1818 2735 1871 2808 ⁶,
1908 2761 1936 2790 »
1967 2749 2022 2795 et

283 2848 482 2894 caetera
511 2854 527 2890 t
559 2829 628 2889 ad
653 2847 782 2909 quae
808 2823 1061 2885 facienda
1086 2822 1211 2881 ideo
1236 2821 1373 2880 dicit
1395 2842 1449 2879 se
1473 2821 1698 2880 missum
1706 2869 1722 2895 ,
1747 2824 1878 2904 quia
1895 2824 2022 2905 Spi-

278 2922 416 2981 ritus
443 2917 671 2979 Domini
685 2929 765 2975 est
793 2934 957 2995 super
980 2933 1124 2972 eum.
1155 2909 1475 2969 Secundum
1490 2908 1725 2970 formam
1751 2912 1875 2984 Dei,
1904 2934 2020 2972 om-

278 3011 371 3071 nia
386 3030 485 3091 per
509 3008 694 3088 ipsum
708 3004 857 3065 facta
875 3013 1003 3061 sunt
1029 2999 1054 3037 7
1088 3021 1104 3057 ε
1134 2998 1439 3058 secundum
1461 2998 1694 3058 formam
1717 3000 1876 3074 servi,
1901 3001 2020 3082 ipse

339 3151 356 3181 1
384 3165 403 3191 1
425 3150 525 3193 Cor.
555 3158 624 3195 κν,
658 3151 731 3193 24.
758 3162 817 3172 —-
841 3139 863 3170 ²
893 3142 1015 3183 Joan‚
1046 3151 1135 3190 xxv,
1169 3141 1240 3181 28.
1273 3163 1329 3171 —
1353 3134 1373 3170 3
1406 3138 1556 3197 Philip.
1590 3155 1642 3193 ιι,
1679 3157 1797 3194 7.-
1818 3138 1838 3173 ⁴
1866 3141 2018 3186 matth,

278 3234 363 3271 ιιι,
412 3218 483 3259 31.
519 3235 580 3246 -—
610 3209 629 3242 ⁵
666 3214 766 3257 Luc.
804 3222 879 3270 ¹¹2
923 3221 992 3255 20.
1029 3230 1087 3242 ·-
1122 3203 1143 3267 ‘ff
1179 3210 1279 3256 Luc.
1315 3222 1381 3268 xv²
1417 3208 1499 3269 18?
1539 3214 1580 3250 et
1618 3208 1711 3257 Isai'.
1748 3223 1851 3263 ut,
1886 3225 1924 3253 1.
1957 3233 2017 3245 —

274 3287 295 3319 '¹
336 3290 457 3331 Joan.
493 3296 535 3340 ι,
575 3282 618 3326 3.
