2144 3808
320 299 353 340 2
402 298 435 336 2
853 295 899 336 8.
950 293 1258 335 AUGUSTINI
1300 293 1559 335 EPISCOH,

311 393 463 438 tante
488 391 543 438 et
571 378 780 455 rigante
803 378 1205 437 incrementum
1234 375 1329 435 dat
1355 375 1419 436 1?
1444 375 1551 435 Sed
1572 396 1701 435 cum
1736 376 1807 437 ad
1844 392 2043 440 nutum

313 469 540 530 Domini
571 490 714 549 aqua
740 468 799 526 in
824 468 1015 526 vinum
1037 468 1294 525 inusitata
1319 466 1590 526 celeritate
1613 488 1870 528 conversa
1886 473 1964 528 est
1989 471 2036 543 2,

311 559 475 617 etiam
499 557 676 616 stultis
704 555 1004 614 fatentibus
1026 555 1108 614 vis
1137 554 1324 612 divina
1358 554 1631 614 declarata
1663 569 1759 616 est.
1797 558 1934 629 Quis
1956 581 2050 618 ar.-

308 647 472 706 busta
500 645 695 705 fronde
721 666 784 703 ac
807 644 941 703 flore
966 645 1126 703 vestit
1148 643 1478 714 solemniter,
1500 645 1603 703 nisi
1626 647 1814 706 Deus?
1846 647 2050 707 Verum

309 757 435 795 cum
466 735 654 793 floruit
675 734 828 810 virga
874 732 1168 792 sacerdotis
1200 735 1379 812 Aaron
1406 733 1454 803 ³,
1493 733 1765 792 collocuta
1796 749 1875 793 est
1898 758 2046 816 quo-

306 823 437 882 dam
457 823 624 882 modo
653 844 780 881 cum
797 821 1089 880 dubitante
1115 822 1459 879 humanitate
1493 822 1768 882 divinitas,
1803 824 1874 881 Et
1899 824 2059 901 lignis

307 927 452 973 certe
481 913 737 972 omnibus
767 924 821 969 et
847 911 1094 969 omnium
1124 911 1443 969 animalium
1481 911 1740 970 carnibus
1769 913 2055 988 gignendis

306 1017 472 1083 atque
490 1000 792 1060 formandis
816 1000 1125 1057 communis
1137 1012 1191 1056 et
1205 1012 1414 1057 terrena
1438 1001 1684 1059 materies
1712 1023 1725 1059 ε
1750 1015 1829 1060 est
1853 1003 1976 1083 quis
1997 1024 2058 1061 ea

303 1091 460 1161 facit,
495 1090 599 1147 nisi
621 1088 721 1169 qui
747 1087 882 1145 dixit
907 1100 969 1144 ut
995 1086 1120 1144 haec
1143 1101 1286 1145 terra
1307 1087 1659 1167 produceret,
1692 1102 1746 1147 et
1767 1090 1826 1147 in
1854 1090 2052 1149 eodem

304 1178 475 1238 verbo
498 1198 595 1235 suo
620 1197 749 1257 quae
770 1175 997 1246 creavit,
1031 1174 1168 1250 regit
1197 1189 1361 1255 atque
1392 1176 1502 1252 agit
1533 1176 1591 1234 l⁸:
1627 1177 1737 1235 Sed
1762 1199 1890 1236 cum
1911 1199 2057 1237 eam-

307 1265 431 1325 dem
446 1266 729 1324 materiam
744 1287 805 1323 ex
825 1265 978 1341 virga
995 1263 1200 1344 Moysis
1215 1264 1274 1322 in
1291 1286 1509 1323 carnem
1533 1266 1797 1347 serpentis
1812 1267 2058 1347 proxime

307 1377 371 1414 ac
401 1356 663 1416 velociter
687 1353 852 1414 vertit
882 1353 929 1425 5,
961 1353 1292 1411 miraculum
1318 1354 1425 1412 fuit
1449 1355 1525 1413 rei
1546 1355 1771 1436 quidem
1799 1356 2050 1432 mutabi-

303 1443 394 1516 lis,
418 1444 512 1503 sed
537 1458 719 1502 tamen
738 1443 996 1501 inusitata
1019 1443 1268 1502 mutatio,
1304 1443 1442 1515 Quis
1466 1457 1648 1502 autem
1671 1445 1874 1503 animat
1897 1465 2048 1525 quae-

303 1555 411 1616 que
435 1535 559 1595 Viva
575 1533 877 1604 nascentia,
902 1533 1004 1590 nisi
1027 1532 1125 1613 qui
1153 1549 1199 1590 et
1225 1532 1383 1590 illum
1408 1547 1712 1613 serpentem
1735 1533 1803 1591 ad
1829 1533 2049 1605 boram,

305 1624 448 1682 sicut
467 1644 607 1704 opus
630 1621 810 1680 fuerat
835 1669 849 1693 ,
876 1621 1179 1680 animavit?
1203 1623 1273 1679 Et
1289 1623 1411 1702 quis
1430 1622 1670 1681 reddidit
1694 1622 2056 1682 cadaveribus

304 1713 510 1770 animas
529 1734 672 1780 suaS‚
701 1733 828 1770 cum
850 1724 1189 1786 resurgerent
1202 1711 1431 1783 mortui,
1451 1712 1554 1769 nisi
1569 1713 1666 1792 qui
1693 1711 1898 1770 animat
1922 1733 2042 1770 car—

302 1825 395 1860 nes
430 1804 488 1861 in
515 1803 680 1861 uteris
710 1815 971 1873 matrum,
1006 1814 1068 1859 ut
1099 1801 1345 1860 oriantur
1380 1802 1632 1860 morituri
1667 1802 1732 1861 ⁶?
1780 1801 1888 1860 Sed
1917 1823 2047 1860 cum

303 1893 447 1950 fiunt
473 1892 568 1950 illa
597 1891 918 1949 continuato
945 1891 1102 1970 quasi
1131 1892 1373 1970 quodam
1395 1892 1567 1950 fluvio
1594 1891 1901 1950 labentium
1933 1913 2046 1949 ma-

301 1982 663 2062 nantiumque
693 2001 899 2050 rerum,
935 1993 988 2036 et
1011 2000 1070 2036 ex
1095 1979 1313 2037 occulto
1344 1980 1404 2036 in
1426 1993 1776 2060 promptum,
1805 1993 1968 2059 atque
1993 2001 2054 2037 ex

299 2084 565 2151 prompto
601 2070 657 2127 in
681 2067 996 2139 occultum,
1027 2068 1227 2126 usitato
1252 2069 1441 2127 itinere
1476 2070 1872 2126 transeuntium
1899 2080 2053 2126 natu-

299 2158 438 2217 ralia
466 2158 732 2216 dicuntur
758 2180 772 2214 ι
811 2178 940 2215 cum
970 2177 1099 2215 vero
1132 2155 1490 2216 admonendis
1530 2157 1852 2214 hominibus
1883 2156 2053 2215 inusi-

301 2260 414 2306 tata
449 2246 821 2306 mutabilitate
861 2246 1215 2321 ingeruntur,
1265 2245 1539 2321 magnalia
1561 2246 1936 2305 nominantur.

382 2337 512 2396 XII.
565 2335 673 2394 Hic
699 2333 861 2393 video
886 2333 1023 2413 quid
1043 2334 1279 2393 infirmae
1304 2334 1621 2410 cogitationi
1640 2335 1813 2415 possit
1840 2355 2036 2392 occur-

299 2446 446 2498 rere,
496 2446 596 2483 cur
619 2424 851 2482 ‘scilicet
900 2425 1001 2481 ista
1037 2423 1307 2482 miracula
1351 2424 1516 2482 etiam
1556 2425 1780 2500 magicis
1824 2425 2035 2482 artibus

300 2515 471 2573 fiant:
494 2535 621 2572 nam
643 2525 697 2570 et
717 2513 862 2588 magi
883 2512 1189 2570 Pharaonis
1207 2511 1453 2570 similiter
1469 2525 1742 2592 serpentes
1762 2511 2032 2583 fecerunt,

298 2616 353 2662 et
380 2602 484 2661 alia
513 2601 764 2661 similia7.
794 2601 901 2659 Sed
931 2601 1069 2659 illud
1093 2601 1331 2682 amplius
1358 2615 1436 2659 est
1457 2600 1844 2659 admirandum
1861 2647 1876 2671 ‚
1904 2621 2042 2681 quo-

298 2692 466 2751 modo
492 2712 777 2768 magorum
812 2690 909 2748 illa
936 2691 1180 2771 potentia
1202 2737 1216 2762 ‚
1261 2710 1388 2770 quae
1428 2702 1701 2768 serpentes
1738 2687 1916 2747 facere
1935 2710 2047 2769 po-

297 2782 433 2853 tuit,
477 2780 680 2855 ubiad
720 2801 937 2838 muscas
970 2778 1358 2838 minutissimas
1393 2792 1622 2837 ventum
1662 2792 1771 2851 est,
1815 2780 2041 2837 omnino

303 2869 552 2949 defecitss.
593 2869 906 2950 Scyniphes
924 2870 1066 2927 enim
1093 2865 1356 2926 musculae
1381 2881 1507 2924 sunt
1530 2867 1866 2926 brevissimae
1886 2914 1900 2937 ‚
1930 2888 2044 2947 qua

293 2959 451 3016 tertia
480 2957 639 3039 plaga
671 2958 942 3038 superbus
988 2955 1232 3038 populus
1270 2955 1651 3035 AEgyptiorum
1695 2955 2031 3014 caedebatur.

299 3047 389 3105 Ibi
421 3060 566 3105 certe
612 3045 925 3104 deficientes
987 3043 1134 3120 magi
1173 3043 1428 3101 dixerunt
1455 3065 1469 3102 ε
1513 3070 1539 3097 «
1562 3045 1782 3121 Digitus
1822 3042 1922 3101 Dei
1964 3055 2044 3101 est

359 3173 376 3203 1
406 3189 423 3214 1
445 3175 543 3216 eor.
567 3186 620 3213 111
639 3202 651 3223 ,
686 3187 727 3224 7.
753 3194 810 3203 —
832 3170 990 3215 2Joan.
1015 3185 1065 3219 11,
1083 3187 1125 3225 9.
1150 3194 1207 3202 —
1224 3167 1243 3199 3
1263 3173 1384 3212 Num.
1406 3183 1505 3220 xvn,
1530 3172 1572 3214 8.
1595 3192 1654 3201 —
1671 3166 1691 3199 ⁴
1715 3173 1817 3211 Gen.
1844 3184 1882 3220 1,
1906 3177 2040 3218 24.—

290 3240 311 3290 5,
330 3241 460 3285 Exod.
483 3255 538 3294 ιν,
563 3242 607 3283 3.
630 3261 689 3271 -
704 3235 724 3268 ⁶
745 3238 893 3283 Ezech.
919 3252 1081 3291 xxxvu,
1105 3239 1151 3282 8.
1171 3259 1232 3272 -
1251 3235 1271 3268 '¹
1299 3238 1429 3281 Exod.
1455 3251 1532 3289 vn,
1555 3251 1624 3279 12.
1647 3260 1703 3270 -
1725 3232 1746 3264 ⁸
1765 3235 1829 3280 Id.
1853 3236 2036 3287 vm„18.
