2144 3808
675 263 743 309 aa
788 265 1102 319 'rammam
1151 267 1260 312 Lus·
1314 268 1438 316 xm·
1790 253 1931 335 μᾧεγ]

211 363 375 423 quam
398 363 453 402 se
487 363 765 425 superasse
791 344 1099 428 gaudebat,
1143 359 1195 408 et
1229 346 1295 409 de
1326 347 1447 429 ipso
1480 346 1672 424 genere
1704 354 1932 424 venien-

212 443 348 501 tem,
378 430 527 511 quod
556 453 722 507 genus
756 431 962 512 origine
996 433 1183 492 vitiata
1225 456 1324 522 per
1354 457 1524 501 unum
1556 441 1778 509 tenebat
1804 427 1932 511 ulfi·

211 540 445 585 Versum*

288 607 496 665 xxm.
549 608 769 673 Poterat
796 606 1024 672 enimuti
1060 628 1168 689 que
1213 611 1357 672 Deus
1399 610 1676 681 hominem
1709 612 1929 686 aliunde

207 694 476 774 suscipere
498 739 512 765 ‚
547 694 604 752 in
631 716 743 774 quo
780 706 912 756 esset
934 690 1200 761 mediator
1234 698 1334 756 Dei
1354 711 1407 765 et
1435 697 1929 785 hominum13'n0n

206 782 273 848 de
296 804 487 861 genere
514 782 658 840 illius
689 783 863 849 Adam
887 829 901 852 ‚
933 783 1032 863 qui
1069 798 1297 864 peccato
1335 807 1431 854 suo
1471 809 1636 862 genus
1666 788 1932 874 obligavit

204 869 544 936 humanum3
573 869 714 927 sicut
751 869 933 951 ipsum
967 891 1126 948 quem
1166 872 1408 951 primum
1448 878 1687 958 creavit,
1719 900 1832 947 1101}
1864 880 1930 946 dc

203 977 392 1034 genere
419 957 621 1017 creavit
651 955 895 1039 alicujuS,
930 958 1150 1022 Poterat
1172 980 1297 1034 ergo
1318 956 1406 1022 vel
1435 959 1511 1018 sic
1533 1007 1548 1031 ‚
1579 951 1795 1031 velalio
1816 989 1928 1049 quo

202 1044 364 1105 vellet
390 1043 554 1108 modo
586 1065 768 1105 creare
801 1064 971 1109 unum
1003 1044 1167 1105 alium
1194 1045 1260 1109 de
1282 1068 1393 1130 quo
1418 1044 1731 1118 vinceretur
1753 1044 1931 1119 'vietor

201 1133 399 1212 prioris
428 1155 442 1190 :
474 1132 566 1194 sed
608 1131 798 1196 melius
820 1131 1129 1209 judicavit,
1178 1147 1230 1192 et
1264 1134 1332 1196 de
1371 1135 1493 1216 ipso
1532 1137 1684 1225 quod
1719 1139 1929 1207 victum

199 1221 377 1285 suerat
406 1242 596 1297 genere
619 1242 885 1284 assumere
902 1221 1177 1280 hominem
1208 1225 1352 1285 Deus
1374 1269 1388 1293 ‚
1419 1245 1516 1303 per
1541 1245 1703 1304 quem
1725 1229 1929 1302 generis

202 1308 435 1369 humani
464 1309 707 1373 vinceret
735 1307 1054 1376 inimicum3
1093 1322 1147 1365 et
1182 1323 1364 1367 tamen
1403 1331 1460 1372 ex
1489 1297 1730 1386 virgineg
1772 1321 1929 1392 cujus

202 1409 531 1477 conceptum
565 1396 853 1476 spiritus2,
895 1417 1006 1460 non
1031 1418 1190 1464 car03
1223 1397 1386 1468 fides,
1427 1419 1536 1463 non
1568 1390 1746 1467 libido
1774 1423 1927 1483 prae..

202 1485 365 1546 venit.
426 1486 537 1549 ,Nec
581 1484 831 1546 interfuit
879 1484 1056 1545 carnis
1092 1485 1716 1566 concupiscentia‚'per
1762 1510 1925 1586 quam

201 1574 539 1637 seminantur
560 1585 611 1630 et
638 1572 1030 1652 concipiuntur
1054 1572 1236 1634 caeteri
1256 1619 1269 1643 ,
1298 1572 1395 1652 qui
1420 1570 1651 1640 trahunt
1669 1575 1927 1650 originale

199 1673 533 1741 peccatum:
571 1659 663 1723 sed
700 1680 760 1716 ea
796 1658 1012 1739 penitus
1053 1659 1438 1730 remotissima,
1476 1659 1748 1725 credendo
1770 1708 1784 1731 ,
1817 1676 1958 1729 non'

201 1747 621 1807 concumbendo
661 1763 846 1813 sancta
880 1760 959 1804 est
991 1746 1309 1810 foecundata
1341 1746 1655 1823 virginitas;
1691 1763 1751 1816 ut
1783 1750 1931 1819 illud,

199 1837 350 1918 quod
379 1837 707 1902 nascebatur
734 1858 791 1894 ex
835 1836 1136 1919 propagine
1176 1835 1343 1922 primi
1363 1835 1642 1914 hominis?
1676 1850 1925 1904 tantum-

201 1925 366 1985 modo
414 1925 646 2003 generis,
700 1945 811 1982 non
864 1925 1024 1987 etiam
1079 1923 1322 1988 criminis
1366 1922 1628 1998 originem
1675 1924 1914 1993 duceret,

204 2012 540 2076 Nascebatur
559 2031 795 2093 namque
825 2031 934 2069 non
956 2009 1363 2086 trangressionis
1387 2009 1710 2093 contagjone
1735 2013 1926 2078 vitiata

200 2113 394 2167 natura
416 2146 430 2171 ,
480 2099 574 2161 sed
623 2097 869 2162 onmium
923 2098 1114 2162 talium
1165 2097 1423 2170 vitiorum
1469 2095 1582 2162 sola
1627 2097 1913 2166 medicina.

202 2188 541 2247 Nascebatur
585 2187 791 2255 homo,
839 2185 1066 2264 inquam
1091 2231 1105 2255 ,
1146 2182 1360 2243 nullum
1410 2180 1658 2255 habens,
1706 2187 1923 2256 nullum

200 2276 496 2340 habiturus
524 2273 746 2338 omnino
766 2285 1053 2353 peccatum
1072 2318 1085 2343 ,
1118 2293 1215 2358 per
1244 2293 1406 2352 quem
1430 2288 1838 2342 renascerentur
1859 2275 1924 2334 li-

201 2363 431 2430 berandi
454 2386 482 2422 a
505 2356 773 2444 peccatm
804 2361 900 2442 qui
939 2361 1088 2420 nasci
1116 2382 1228 2426 non
1267 2372 1486 2439 possent
1525 2359 1637 2425 sine
1665 2377 1913 2450 peccato,

203 2452 470 2526 Quamvis
497 2451 637 2516 enim
665 2443 871 2513 carnali
892 2448 1336 2535 concupiscentia
1357 2494 1372 2519 ,
1402 2469 1528 2533 quae
1554 2444 1692 2516 ,inest
1718 2451 1924 2533 genita-

200 2539 348 2605 libus
385 2538 670 2618 membris,
719 2537 858 2600 bene
898 2550 1084 2600 utatur
1131 2536 1346 2600 castitas
1376 2534 1712 2619 conjUgalis3
1755 2537 1928 2605 habet

201 2640 383 2693 tamen
402 2640 578 2686 motus
599 2646 710 2690 non
730 2623 1065 2688 voluntarios
1081 2671 1094 2695 ,
1123 2622 1326 2704 quibus
1348 2621 1582 2686 ostendit
1605 2623 1690 2689 vel
1712 2625 1923 2693 nullam

203 2737 256 2779 se
276 2716 334 2775 in
358 2714 609 2796 paradiso
632 2726 755 2779 ante
774 2726 1066 2794 peceatum
1089 2733 1197 2770 esse
1221 2711 1460 2793 potuisse
1479 2756 1494 2781 ,
1520 2708 1607 2775 vel
1628 2732 1739 2776 non
1762 2712 1923 2779 talem

200 2803 364 2870 fuisse
402 2804 444 2868 si
479 2803 622 2872 fuit,
669 2815 730 2861 ut
766 2801 1061 2883 aliquando
1103 2796 1371 2864 resisteret
1419 2795 1705 2864 voluntati.
1760 2801 1921 2867 Nunc

204 2905 385 2958 autem
409 2885 557 2957 illam
587 2889 747 2951 talem
775 2910 883 2949 esse
912 2890 1170 2953 sentimus
1197 2933 1210 2958 ‚
1246 2900 1307 2945 ut
1325 2907 1633 2973 repugnans
1651 2884 1756 2983 legi
1778 2908 1925 2955 men-

204 2980 300 3050 tis,
335 2979 498 3044 etiam
531 2978 576 3043 si
603 2976 753 3036 nulla
784 2989 862 3034 est
886 2996 1045 3039 causa
1075 2972 1398 3060 generandi,
1430 2972 1674 3042 stimulos
1716 2989 1926 3058 ingerat

203 3058 444 3133 coeundi
477 3088 490 3123 z
526 3065 624 3132 ubi
655 3066 696 3122 si
731 3065 778 3127 ei
809 3062 1022 3129 ceditur
1043 3109 1057 3134 ,
1106 3059 1388 3149 peccando
1425 3061 1680 3130 satietur3
1728 3059 1772 3126 si
1812 3083 1924 3131 non

267 3171 280 3199 ¹
309 3186 324 3210 1
352 3171 455 3210 Tim.
481 3184 529 3219 ιι,
554 3170 594 3212 5.
615 3189 672 3198 -
691 3166 711 3195 ‘²
733 3172 826 3208 Luc.
849 3180 875 3217 1,
904 3167 969 3205 35.
