2144 3808
324 334 544 376 con-rm
584 333 916 376 mximum
957 320 1241 387 ΔΜΑΝυΜ,
1287 334 1398 375 mn.
1449 339 1489 376 1.
1703 314 1781 397 59

146 420 220 479 ΙΙ.
249 418 500 478 Secundo
513 416 641 475 loco
659 416 743 492 egi
767 429 948 474 tecum
970 414 1038 475 de
1056 415 1239 475 verbis
1261 417 1392 488 tuiS‚
1416 418 1516 476 ubi
1538 418 1743 478 dixeras
1765 442 1780 477 ε

65 534 92 561 «
121 508 294 565 Deum
319 506 536 563 Patrem
566 503 634 562 ad
668 504 914 563 humana
943 525 1056 562 non
1085 502 1420 563 descendisse
1456 507 1733 581 contagia3
1757 533 1785 560 2>

64 598 220 675 quasi
252 592 506 652 Christus
542 591 634 649 illa
667 592 724 649 in
760 612 920 649 carne
949 613 1234 672 perpessus
1262 591 1331 650 sit
1357 614 1371 649 :
1405 603 1457 650 et
1487 592 1779 664 admonui,

64 682 341 765 quomodo
363 681 677 756 contagium
697 680 927 756 intelligi
951 681 1141 752 soleat,
1162 702 1275 738 non
1293 681 1482 763 utique
1498 682 1598 739 nisi
1615 682 1672 739 iu
1699 681 1791 739 ali-

66 793 176 851 quo
206 770 338 828 vitio
358 817 372 842 ,
401 792 430 827 a
455 770 658 850 quibus
693 769 950 826 omnibus
976 769 1280 827 immunem
1309 770 1564 828 novimus
1593 768 1790 828 Chris-

66 873 203 918 tum.
250 859 362 916 Nec
388 857 457 915 ad
484 857 592 915 hoc
621 857 927 938 quidquam
954 857 1287 938 respondere
1325 858 1572 939 potuisti.
1607 859 1789 918 Testi-

67 946 251 1005 monia
287 946 497 1026 quippe
540 944 727 1003 divina
749 992 763 1017 ,
796 966 923 1027 quae
968 946 1065 1004 abs
1089 959 1142 1004 te
1181 960 1603 1004 commemorata
1632 962 1788 1020 sunt,

67 1035 210 1095 nihil
241 1048 290 1092 te
319 1034 578 1110 adjuvare
607 1047 911 1115 potuerunt
940 1056 954 1091 ε
987 1056 1099 1093 non
1130 1035 1274 1093 enim
1306 1035 1379 1093 eis
1413 1034 1650 1116 probare
1681 1057 1793 1116 po-

68 1124 220 1182 tuisti
275 1123 521 1181 humano
579 1123 864 1180 Christum
917 1124 1297 1181 attaminatum
1350 1138 1459 1180 esse
1512 1124 1784 1199 contagio,

69 1212 234 1285 Quod
258 1212 399 1270 enim
435 1211 762 1292 Apostolum
787 1211 978 1270 dixisse
1007 1233 1397 1270 commemoras
1424 1233 1438 1268 ε
1468 1237 1493 1263 c<
1519 1212 1795 1283 Quoniam

68 1326 95 1353 >³
120 1300 374 1359 Christus
401 1321 530 1358 cum
558 1313 818 1380 peccator
845 1321 957 1357 non
989 1313 1156 1371 esset,
1182 1312 1471 1381 peccatum
1508 1321 1612 1381 pro
1637 1301 1797 1360 nobis

67 1413 96 1442 »
118 1388 243 1448 fecit
261 1388 284 1426 ²
315 1411 329 1445 :
355 1388 524 1464 »lege
551 1388 866 1464 diligentius
891 1434 907 1460 ,
939 1401 993 1446 et
1020 1411 1088 1446 ne
1109 1389 1248 1446 sorte
1272 1388 1591 1446 mendosum
1614 1390 1796 1447 incur-

66 1478 199 1534 reris
227 1476 474 1535 codicem
496 1523 509 1546 ‚
543 1490 638 1533 aut
663 1476 890 1533 Latinus
918 1476 1186 1557 interpres
1215 1476 1506 1547 erraverit,
1534 1477 1795 1535 Graecum

67 1565 307 1645 inspice;
347 1576 400 1621 et
420 1564 657 1623 invenies
685 1586 796 1622 non
831 1565 1115 1623 Christum
1140 1586 1241 1645 pro
1269 1565 1430 1622 nobis
1454 1564 1638 1623 fecisse
1655 1588 1793 1645 pec-

68 1667 290 1725 catum,
339 1651 492 1710 seda
531 1653 695 1710 Patre
726 1653 839 1709 Deo
878 1651 1061 1732 ipsum
1105 1652 1394 1709 Christum
1438 1651 1646 1710 factum
1688 1674 1797 1711 esse

67 1754 355 1823 peccatum
379 1787 394 1813 ‚
443 1739 501 1798 id
557 1753 635 1798 est
679 1740 1012 1798 sacrificium
1057 1749 1162 1820 pro
1203 1752 1449 1820 pecca-to,
1513 1740 1603 1798 Ait
1650 1741 1796 1799 enim

69 1829 363 1911 Apostolus
397 1851 411 1886 t
457 1854 485 1882 ε(
518 1829 886 1889 Obsecramus
926 1850 1029 1909 pro
1069 1828 1327 1901 Christo,
1369 1820 1801 1889 reconciliamini

70 1945 97 1972 >2
122 1921 270 1988 I)eo;
304 1939 428 1977 eum
458 1919 556 2000 qui
583 1940 695 1976 non
725 1931 950 1976 noverat
978 1931 1269 1999 peccatum
1295 1965 1309 1989 ‚
1342 1928 1446 2000 p'ro
1471 1919 1633 1977 nobis
1659 1941 1797 2000 pec-

71 2035 98 2062 »
121 2013 304 2066 catum
333 2007 513 2068 secit2.
549 2035 575 2061 >2
606 2008 731 2064 Non
765 2029 890 2083 ergo
919 2006 1047 2065 fecit
1067 2007 1182 2087 ipse
1203 2020 1495 2088 peccatum
1513 2054 1527 2077 ‚
1557 2007 1648 2065 sed
1670 2030 1793 2066 eum

73 2097 222 2156 Deus
246 2119 350 2178 pro
379 2097 538 2155 nobis
558 2109 854 2178 peccatum
883 2095 1035 2168 fecit,
1063 2097 1175 2154 hoc
1198 2110 1298 2167 est,
1332 2109 1396 2154 ut
1423 2095 1556 2167 dixi,
1585 2098 1798 2155 sacrifi-

71 2187 218 2246 cium
258 2209 361 2268 pro
397 2199 646 2267 peccato.
683 2185 741 2243 Si
773 2186 916 2243 enim
947 2185 1153 2244 recolas
1178 2184 1268 2244 vel
1298 2184 1498 2261 relegas
1518 2231 1532 2256 ‚
1561 2186 1799 2244 invenies

69 2275 128 2334 in
159 2276 315 2333 libris
358 2275 563 2335 Veteris
591 2273 922 2332 Testamenti
965 2286 1193 2354 peccata
1225 2272 1491 2354 appellari
1532 2274 1799 2342 sacrificia

0 2362 2 2367 ’
69 2374 175 2445 pro
196 2364 456 2444 peccatis,
490 2362 806 2421 Similitudo
836 2363 996 2420 etiam
1025 2362 1202 2420 carnis
1221 2361 1433 2446 peccati
1451 2407 1466 2433 ,
1491 2361 1550 2419 in
1576 2383 1687 2442 qua
1709 2383 1798 2420 ve-

0 2450 1 2454 *
70 2453 153 2511 nit
179 2451 246 2510 ad
276 2472 374 2509 nos
393 2498 407 2523 ‚
442 2451 590 2509 dicta
617 2463 769 2508 estet
792 2450 909 2530 ipsa
941 2465 1234 2531 peccatum
1265 2473 1279 2508 ς
1315 2477 1341 2503 α
1370 2450 1549 2522 Misit,
1580 2450 1793 2530 inquit,

72 2567 99 2594 ))
124 2542 270 2598 Deus
302 2539 501 2598 Filium
534 2561 693 2598 suum
737 2539 794 2597 in
843 2538 1199 2597 similitudine
1241 2539 1420 2598 carnis
1465 2539 1715 2619 peccati,
1745 2551 1799 2597 et

73 2657 100 2684 »
125 2629 193 2687 de
213 2639 441 2712 peccato
471 2628 753 2686 damnavit
791 2641 1081 2709 peccatum
1119 2627 1179 2686 in
1208 2627 1401 2686 carne³
1430 2649 1444 2684 ι
1472 2654 1497 2680 »
1538 2627 1649 2685 hoc
1686 2641 1794 2700 est,

73 2719 142 2777 de
163 2716 515 2776 similitudine
544 2717 722 2776 carnis
749 2717 998 2798 peccati,
1031 2737 1159 2798 quae
1183 2716 1356 2797 ipsius
1379 2729 1495 2774 erat
1512 2761 1527 2787 ,
1557 2714 1794 2774 damna-

0 2828 1 2834 *
71 2807 153 2867 v‘it
179 2819 470 2887 peccatum
496 2806 553 2864 in
584 2828 746 2864 carne
779 2807 991 2887 peccati
1011 2853 1025 2878 ‚
1058 2827 1186 2887 quae
1207 2818 1391 2863 nostra
1419 2816 1515 2864 est.
1562 2803 1797 2885 Propter

72 2896 184 2954 hoc
214 2895 377 2952 etiam
402 2893 470 2951 de
488 2893 583 2953 illo
605 2894 808 2953 dicitur
837 2916 850 2952 :
878 2921 904 2947 «
930 2893 1097 2967 Quod.
1125 2894 1269 2952 enim
1291 2905 1540 2950 mortuus
1570 2905 1647 2950 est
1668 2914 1797 2974 pec-

0 3036 10 3047 ,,
75 3011 102 3037 »
125 2997 246 3042 cato
266 3031 280 3055 ‚
329 2994 579 3040 mortuus
629 2996 709 3041 est
752 2983 948 3051 semel;
996 2982 1151 3064 quod
1199 2996 1381 3041 autem
1436 2981 1608 3053 vivit,
1661 2981 1800 3039 vivit

0 3125 7 3133 .
78 3087 104 3126 ›2‘
128 3072 293 3132 Deo&
327 3098 352 3124 >a
379 3072 612 3129 Peccato
638 3071 780 3129 enim
810 3085 1054 3130 mortuus
1089 3084 1170 3129 est
1197 3069 1393 3151 semel,
1435 3069 1565 3150 quia
1598 3068 1794 3126 simili-

76 3160 255 3220 tudini
276 3160 452 3220 carnis
477 3159 691 3240 peccati
711 3172 957 3219 mortuus
985 3173 1099 3231 est,
1124 3158 1351 3242 quando
1373 3156 1656 3217 moriendo
1675 3177 1799 3215 exu-

139 3267 151 3295 ¹
179 3282 198 3306 2
221 3268 313 3308 Cor.
335 3279 373 3313 v,
394 3280 464 3309 213
493 3288 546 3296 -
569 3262 588 3291 ²
608 3263 712 3306 lbid.
748 3266 812 3306 no.
837 3287 891 3295 —-
916 3260 934 3293 3
955 3258 1073 3308 Rom.
1098 3266 1252 3319 v111‚3.
1271 3287 1323 3296 -
1349 3259 1493 3305 ⁴1bid.
1529 3276 1589 3303 xo.
