2144 3808
341 347 454 409 lio
661 361 665 366 ·
781 360 784 365 ·
851 348 906 387 S.
959 345 1268 388 AUGUSTINI
1310 347 1568 389 EPISCOPI

226 423 239 432 ⁸
325 430 418 490 ille
463 428 759 507 gignendo,
795 427 1012 511 accepit
1057 429 1157 488 iste
1184 430 1477 491 nascendo.
1517 432 1597 490 Ae
1640 452 1741 512 per
1771 424 1885 492 hoe
1912 432 2078 495 dedit.

330 520 423 579 ille
451 521 621 583 vitam
647 519 778 601 quia
800 520 987 596 genuit
1015 519 1218 598 vitam:
1266 521 1483 601 aceepit
1504 521 1605 580 iste
1625 521 1797 584 vitam
1822 522 1952 603 quia
1969 546 2064 584 na-

330 622 418 669 tus
428 622 505 667 est
519 607 631 669 vita
651 630 664 665 ε
685 607 728 666 si
740 607 942 679 minor,
962 606 1005 665 si
1019 606 1269 681 decolor,
1290 608 1334 667 si
1354 607 1590 682 diversa,
1611 632 1722 670 non
1745 633 1871 689 ergo
1896 634 2066 694 quam

330 699 495 758 Pater
522 695 745 756 habuit
750 696 899 754 hanc
930 694 1082 755 dedit
1117 695 1273 755 Filio.
1315 697 1384 758 Et
1411 699 1691 778 quomodo
1713 720 1903 759 verum
1934 715 2060 761 est:

331 813 358 841 (ι
390 786 593 845 Omnia
608 806 734 866 quae
756 784 929 843 habet
947 785 1131 856 Pater,
1159 806 1279 843 mea
1308 790 1476 845 sunt?
1509 813 1535 840 ›>
1563 787 1672 847 Sed
1703 788 1825 870 quis
1872 789 2068 849 audeat

327 865 529 949 dicere,
568 875 775 934 Verum
807 895 919 933 non
941 887 1019 933 est
1038 875 1190 980 quod
1213 876 1424 936 Veritas
1459 876 1629 937 dixit?
1660 905 1687 933 c<
1710 879 2068 961 Quapropter

326 998 354 1026 ›>
384 970 527 1031 sieut
541 969 712 1029 habet
742 971 907 1027 Pater
927 968 1093 1028 vitam
1118 969 1176 1027 in
1198 969 1528 1050 semetipso,
1555 970 1632 1029 sic
1663 970 1818 1030 dedit
1846 985 1899 1030 et
1927 972 2068 1031 Filio

242 1138 245 1142 λ
327 1089 355 1116 »
381 1062 556 1121 vitam
577 1058 829 1119 habere
814 1080 875 1118 m
895 1059 1182 1140 semetipso
1201 1058 1242 1119 4.
1274 1085 1301 1113 ›>
1327 1060 1484 1119 Sicut
1502 1060 1675 1118 habet
1706 1060 1880 1133 dedit,
1914 1061 2067 1143 quod
2096 1084 2098 1086 ·

324 1151 496 1211 habet
521 1149 696 1222 dedit,
723 1147 942 1231 qualem
958 1147 1152 1221 habet,
1175 1148 1338 1208 talem
1361 1149 1514 1209 dedit
1541 1175 1555 1219 3
1587 1164 1850 1230 quantam
1870 1150 2060 1226 habet,

252 1268 254 1271 ’
325 1253 537 1299 tantam
558 1238 728 1299 dedit.
763 1265 789 1291 c<
815 1237 1022 1296 Omnia
1035 1237 1346 1317 quaehabet
1362 1243 1542 1312 Pater,
1572 1240 1698 1298 Filii
1722 1252 1867 1299 sunt.
1894 1266 1920 1294 ›>
1943 1235 2072 1300 Non*

327 1349 455 1404 ergo
484 1326 695 1407 aliquid
719 1326 900 1385 minus
938 1346 1105 1405 quam
1139 1326 1304 1384 Pater
1333 1327 1505 1385 habet
1530 1375 1545 1399 ,
1572 1327 1711 1386 Filio
1735 1327 1890 1387 dedit
1918 1354 1934 1398 ;
1963 1351 2066 1388 nee

326 1418 507 1478 amisit
543 1419 706 1475 Pater
731 1415 926 1486 vitam,
960 1435 1132 1494 quam
1162 1413 1300 1472 Filio
1323 1414 1493 1476 dedit.
1531 1416 1780 1477 Vivendo
1809 1417 1954 1476 enim
1979 1431 2064 1477 te-

324 1508 476 1580 nuit,
513 1527 683 1589 quam
721 1503 994 1582 gignendo
1024 1503 1193 1564 dedit.
1231 1504 1354 1567 Vita
1386 1520 1465 1564 θεῖ
1496 1519 1678 1565 autem
1715 1506 1834 1587 ipse
1871 1509 2058 1581 Pater,

323 1599 439 1659 vita
460 1609 539 1655 est
558 1597 674 1677 ipse
702 1594 890 1653 Filius.
918 1594 989 1651 Et
1011 1593 1103 1652 ille
1127 1593 1338 1675 quippe
1359 1607 1413 1652 et
1436 1595 1536 1654 iste
1558 1594 1616 1654 id
1642 1595 1813 1654 habet
1835 1597 1987 1677 quod
2011 1612 2065 1656 et

322 1685 475 1767 ipset
516 1683 610 1744 sed
636 1683 728 1742 ille
755 1681 824 1741 de
853 1680 1008 1741 nullo
1054 1681 1192 1754 vita,
1226 1682 1326 1741 iste
1348 1682 1469 1745 ,vita
1504 1683 1584 1742 *de
1614 1683 1727 1743 vita
1747 1730 1762 1756 ‚
1796 1683 1890 1743 sed
1939 1686 2063 1745 talis

319 1775 495 1858 qualis
523 1774 639 1846 illa,
678 1786 829 1832 tanta
853 1784 1059 1853 quanta
1080 1770 1196 1842 illa,
1225 1771 1335 1831 hoc
1362 1773 1589 1832 omnino
1605 1772 1757 1854 quod
1778 1773 1904 1843 illa;
1931 1775 2063 1856 quia

319 1885 479 1925 verus
492 1877 574 1923 est
589 1862 780 1935 Filius,
805 1861 937 1942 quia
958 1858 1233 1940 perfectus
1257 1874 1335 1919 est
1359 1861 1549 1935 Filius,
1576 1863 1708 1943 quia
1728 1884 1840 1936 non
1858 1875 1937 1922 est
1960 1862 2063 1922 de-

321 1975 486 2030 gener·
527 1953 598 2011 ab
632 1973 744 2010 uno
774 1953 893 2007 Deo
923 1950 1089 2006 Patre
1125 1949 1272 2007 Deus
1302 1949 1501 2009 unicus
1532 1950 1901 2010 Filius.-Patri
1935 1972 2062 2029 ergo

320 2042 546 2125 aequalis
569 2054 647 2101 est
665 2039 853 2100 Filius.
887 2036 1180 2118 Quidquid
1205 2058 1331 2097 eum
1353 2038 1491 2100 dieis
1521 2062 1551 2098 a
1574 2040 1735 2098 Patre
1761 2041 2058 2122 accepisse,

316 2133 552 2193 fatemur
581 2146 635 2191 et
657 2153 799 2190 nos·
838 2149 1065 2211 prorsus
1081 2130 1245 2188 Pater
1279 2128 1454 2202 dedit,
1479 2129 1648 2189 Filius
1673 2131 1904 2212 accepit.
1950 2131 2061 2191 Sed

318 2244 448 2283 cum
477 2224 640 2282 Pater
674 2220 857 2280 omnia
899 2240 1026 2300 quae
1062 2217 1234 2277 habet
1272 2218 1542 2296 gignendo
1572 2218 1757 2292 dedit,
1791 2219 2060 2300 aequalem

317 2314 570 2394 utique,³
541 2311 748 2382 venuit,
768 2307 1031 2391 quoniam
1047 2307 1190 2366 nihil
1211 2308 1392 2367 minus
1406 2307 1578 2369 dedit.
1606 2309 1903 2382 Quomodo
1927 2331 2055 2387 ergo

315 2417 378 2463 tu
405 2403 565 2476 dicis,
592 2400 823 2483 quiaille
843 2398 1028 2470 dedit,
1055 2397 1147 2457 ille
1174 2399 1409 2480 accepit,
1430 2398 1553 2458 ideo
1572 2399 1838 2481 aequalem
1854 2399 2053 2459 Filium

313 2492 468 2551 Patri
489 2513 601 2551 non
629 2511 737 2548 esse
761 2511 776 2547 :
809 2508 937 2546 cum
961 2507 1087 2545 eum
1112 2486 1204 2545 eui
1233 2487 1363 2546 data
1394 2500 1520 2547 sunt
1551 2489 1757 2561 omnia,
1791 2497 1846 2547 et
1874 2489 2053 2569 ipsam

315 2581 684 2664 aequalitatem
701 2578 883 2640 videas
897 2577 1200 2658 accepisse?
1219 2576 1502 2658 Scriptum
1515 2591 1594 2637 est
1605 2577 1827 2657 quidem
1848 2600 1861 2634 :
1878 2603 1903 2631 «
1920 2580 2055 2637 Bea-

315 2701 343 2729 »
372 2686 492 2732 tum
513 2685 591 2731 est
606 2670 775 2747 magis
792 2669 922 2728 dare
936 2688 1104 2749 quam
1121 2668 1369 2748 accipere
1385 2668 1444 2704 2·
1432 2693 1494 2724 ‚n
1520 2666 1683 2725 sedin
1699 2666 1807 2725 hae
1820 2667 1934 2727 vita
1953 2667 2053 2727 ubi

316 2775 395 2821 est
415 2761 639 2853 inopia,
675 2780 783 2841 qua
811 2757 1001 2837 utique
1030 2754 1224 2814 melior
1247 2768 1326 2814 est
1353 2755 1533 2835 copia.
1573 2755 1766 2814 Melius
1793 2757 1935 2815 enim
1974 2770 2053 2816 est

309 2849 514 2908 habere
522 2870 721 2931 ,quam
745 2867 919 2924 egere,
938 2858 992 2917 et
1014 2843 1203 2903 melius
1215 2855 1293 2901 est
1318 2841 1543 2915 donare,
1580 2864 1748 2924 quam
1769 2845 2046 2927 accipere3

304 2960 544 3015 erogare,
563 2959 732 3037 quam
751 2933 1079 2995 mendicare.
1105 2931 1215 2990 Ubi
1237 2944 1418 2990 autem
1440 2932 1536 3012 qui
1557 2931 1711 2991 dedit
1732 2934 2087 3010 ,gignendo

312 3028 497 3096 dedit,
518 3040 573 3085 et
599 3026 698 3107 qui
721 3023 956 3122 aceepit,
977 3019 1251 3080 nascendo
1281 3021 1530 3101 aceepit:
1567 3043 1680 3080 non
1711 3022 1871 3102 inopi
1910 3023 2050 3081 sub-

309 3130 536 3178 ventum
565 3127 664 3186 est,
698 3112 833 3172 sed.
820 3132 941 3193 lpsa
968 3109 1131 3190 eopia
1159 3122 1413 3185 generata
1447 3124 1552 3170 θεῖ.
1603 3110 1717 3169 Nec
1753 3123 1935 3191 potest
1952 3112 2049 3192 qui

304 3206 518 3288 accepit
535 3204 586 3264 ei
608 3203 706 3285 qui
738 3200 894 3261 dedit
925 3220 1034 3258 esse
1073 3197 1384 3279 inaequaliS,
1420 3198 1554 3281 quia
1581 3212 1635 3258 et
1663 3199 1775 3258 hoc
1827 3200 2045 3281 accepit

371 3314 531 3353 ¹Joan.
550 3323 590 3364 v,
616 3309 681 3349 16.
703 3304 910 3347 -2Act.
932 3318 999 3354 xx,
1022 3304 1094 3346 35.
