2144 3808
320 279 441 335 168.
846 294 890 332 s,
942 291 1246 332 Auousrrm
1289 293 1546 333 EPISCOPI

302 405 330 431 »
359 399 480 436 mor
507 396 695 435 eorum
723 388 848 434 ante
869 374 1194 446 Dominum,
1223 387 1276 432 et
1300 375 1445 433 misit
1474 397 1572 434 nos
1594 376 1866 436 Dominus
1891 399 2030 438 con—

303 492 332 520 »
370 479 539 524 terere
561 463 745 524 eum1.
780 491 807 517 >³
854 466 997 521 Ecce
1028 463 1125 520 ubi
1157 477 1388 544 apparet
1413 464 1552 522 illud
1575 466 1890 525 incendium
1937 468 2034 526 So-

298 552 591 611 domorum
621 574 719 632 per
745 550 977 626 Angelos
1000 551 1209 608 factum
1234 597 1248 620 ‚
1280 572 1418 630 quos
1447 553 1594 610 misit
1633 555 1940 624 Dominus;
1974 556 2034 620 in

295 642 501 723 quibus
522 655 705 698 tamen
733 652 787 697 et
811 640 929 719 ipse
955 650 1072 696 erat
1094 660 1107 695 ε
1131 659 1307 718 neque
1330 639 1476 696 enim
1505 642 1580 699 sic
1610 644 1782 701 mittit
1803 665 1950 715 su08‚
1974 657 2036 702 ut

294 731 513 795 recedat
542 731 613 787 ab
641 729 735 789 eis,
773 730 840 786 In
868 729 943 786 eis
967 748 1095 803 ergo
1132 727 1416 786 descendit
1458 729 1516 786 in
1558 730 1796 789 Sodoma
1820 779 1835 804 ‚
1880 732 2037 812 quod

294 842 348 878 se
368 819 647 878 facturum
677 840 790 878 esse
813 818 1142 900 praedixerat
1169 865 1182 888 ‚
1219 817 1447 898 quando
1474 839 1600 876 cum
1635 821 1917 879 Abraham
1947 822 2038 880 lo-

294 909 571 990 quebatur
623 931 636 966 :
683 908 836 988 quod
874 920 1237 988 posteaquam
1263 905 1393 964 'fecit
1420 949 1434 972 ‚
1484 907 1676 965 abiisse
1713 909 1829 989 ipse
1859 909 2039 967 (lictus

296 1009 377 1054 est
403 1043 416 1067 ‚
452 1009 504 1053 et
533 996 724 1073 Angeli
767 996 973 1054 venisse
1001 995 1056 1052 in
1100 994 1342 1053 Sodoma
1370 994 1438 1052 ad
1473 1015 1772 1075 vesperam.
1817 997 2031 1055 Deinde

295 1084 468 1165 paulo
487 1098 647 1164 post,
674 1105 800 1142 mox
824 1097 886 1141 ut
909 1083 1213 1142 eduxerunt
1254 1082 1410 1140 illum
1433 1082 1578 1140 foras
1598 1129 1613 1154 ,
1656 1097 1710 1142 et
1738 1084 1990 1143 dixerunt
2018 1132 2033 1157 ,

269 1171 441 1243 ⁴sicut
490 1171 682 1229 eadem
730 1172 1017 1252 Scriptura
1052 1183 1238 1228 narrat
1281 1192 1294 1226 :
1341 1195 1368 1222 c<
1402 1169 1621 1229 Salvam
1663 1171 1750 1229 fac
1798 1173 2039 1231 animam

295 1285 323 1311 »
349 1273 500 1317 tuam
529 1306 542 1330 ‚
570 1281 637 1316 ne
661 1260 952 1339 respexeris
987 1272 1131 1316 retro
1151 1304 1165 1330 ,
1193 1279 1294 1316 nec
1323 1258 1530 1315 steteris
1556 1258 1615 1316 in
1647 1271 1760 1317 tota
1782 1261 2037 1336 regione3

300 1372 328 1400 »
356 1347 415 1404 in
451 1360 639 1404 monte
678 1346 891 1404 salvum
932 1359 983 1403 te
1015 1346 1103 1403 fac
1125 1392 1140 1417 ‚
1176 1345 1467 1425 nequando
1509 1346 2036 1426 comprehendaris:

294 1461 322 1488 »
369 1435 503 1492 dixit
532 1435 686 1492 Loth
715 1435 783 1492 ad
805 1435 927 1492 illos
959 1457 972 1491 z
1010 1435 1126 1492 Oro
1146 1480 1160 1506 ‚
1195 1434 1430 1491 Domine
1453 1479 1469 1505 ‚
1502 1434 1632 1513 quia
1661 1434 1872 1494 invenit
1898 1458 2042 1518 puer

299 1551 325 1577 »
357 1537 484 1582 tuus
512 1522 942 1582 misericordiam
988 1536 1114 1581 ante
1151 1521 1265 1594 te2,
1290 1549 1316 1574 υ
1354 1535 1458 1580 etc,
1505 1523 1645 1597 Quae
1682 1545 1808 1582 cum
1842 1527 2045 1584 finisset

299 1613 584 1695 loquendo
609 1661 623 1685 ‚
652 1627 706 1671 et
734 1613 975 1689 elegisset
1008 1613 1111 1671 sibi
1138 1613 1413 1671 civitatem
1441 1612 1697 1692 pusillam
1720 1614 1778 1672 in
1802 1637 1911 1696 qua
1935 1616 2045 1674 sal-
2082 1610 2089 1616 ⁴

301 1717 552 1774 varetur,
581 1703 829 1783 sequitur
859 1703 1146 1782 Scriptura
1170 1748 1186 1773 ,
1217 1714 1269 1758 et
1295 1701 1345 1759 ei
1374 1699 1510 1758 dicit
1540 1722 1650 1759 esse
1672 1724 1993 1783 responsum
2024 1726 2037 1760 ε

305 1818 332 1844 «
359 1793 500 1849 Ecce
521 1791 753 1849 miratus
779 1812 900 1848 sum
924 1789 1118 1849 faciem
1137 1803 1288 1847 tuam
1314 1802 1366 1847 et
1387 1810 1552 1870 super
1567 1789 1803 1864 verbum>
1822 1791 1956 1864 hoc,
1974 1812 2044 1849 ne

311 1906 339 1933 ›>
365 1892 657 1938 everterem
689 1879 966 1937 civitatem
990 1878 1058 1936 de
1087 1900 1197 1958 qua
1220 1877 1438 1935 locutus
1467 1898 1538 1936 es,
1591 1878 1805 1936 Festina
1831 1900 1958 1956 ergo
1985 1893 2046 1938 ut

311 1995 338 2023 »
365 1969 546 2026 salvus
569 1968 638 2026 sis
660 1969 759 2028 ihi.
806 1968 933 2026 Non
962 1969 1107 2026 enim
1134 1981 1326 2048 potero
1353 1966 1530 2026 facere
1561 1966 1793 2025 verbum
1814 1988 1843 2042 3'
1868 1969 2046 2027 donec

309 2084 336 2111 >³
368 2071 428 2114 tu
458 2055 555 2114 illo
585 2057 848 2116 introeas,
885 2082 911 2108 >2
944 2056 1082 2127 Quis
1113 2056 1224 2137 hoc
1266 2055 1313 2112 ei
1353 2053 1674 2134 respondit,
1702 2054 1803 2112 nisi
1826 2054 1916 2112 ille
1952 2055 2046 2113 cui

309 2146 516 2205 dixerat
540 2168 554 2202 ε
585 2171 610 2197 α
637 2145 776 2216 Oro,
802 2145 1077 2202 Domine?
1102 2145 1274 2202 »Hoc
1297 2156 1474 2200 autem
1502 2141 1570 2199 ad
1595 2142 1787 2200 ambos
1815 2142 2041 2212 dixerat,

307 2257 421 2293 non
436 2232 505 2291 ad
527 2255 696 2291 unum
710 2280 722 2303 ‚
746 2233 887 2291 sicut
909 2233 1244 2313 apertissime
1261 2232 1530 2312 scriptum
1551 2245 1631 2289 est
1652 2231 1851 2289 :«Dixit
1866 2244 2047 2290 autem

311 2349 339 2376 >2
362 2321 512 2380 Loth
534 2320 601 2378 ad
622 2321 744 2385 illos
777 2343 790 2378 ε
824 2322 968 2392 ΟΓο,
990 2321 1281 2379 Domine.»
1303 2319 1539 2394 Agnovit
1565 2341 1690 2401 ergo
1706 2319 1854 2378 Loth
1874 2339 2049 2377 unum

312 2410 701 2471 Dom-inum'in
739 2410 956 2486 Angelis
977 2410 1196 2468 duobus
1213 2456 1230 2482 ,
1265 2411 1407 2467 sicut
1433 2408 1716 2467 Abraham
1746 2429 1919 2466 unum
1948 2430 2048 2485 ag-

312 2502 467 2561 novit
493 2502 549 2560 in
575 2501 769 2560 tribuS.

405 2601 460 2672 7⁰
493 2593 619 2649 Non
640 2603 719 2648 est
747 2611 848 2648 cur
874 2589 1093 2648 dieatur
1118 2612 1132 2647 ε
1165 2589 1264 2648 1116
1285 2589 1494 2647 abierat
1521 2586 1619 2668 qui
1643 2586 1913 2645 Dominus
1936 2601 2051 2645 erat

314 2693 369 2737 et
392 2701 521 2738 cum
548 2678 832 2737 Abraham
854 2678 1074 2737 locutus
1098 2691 1242 2747 erat3
1267 2677 1379 2736 duo
1407 2697 1535 2734 vero
1560 2675 1736 2753 angeli
1760 2680 1876 2752 ejus
1898 2689 2051 2740 erant

312 2769 410 2848 qui
440 2768 499 2826 in
527 2767 766 2843 Sodoma
789 2767 884 2826 illo
910 2768 1148 2830 abeunte
1188 2779 1471 2826 venerunt.
1526 2766 1732 2831 Omnes
1771 2763 1916 2823 enim
1944 2778 2051 2824 tres

313 2858 423 2915 viri
448 2857 583 2915 dicti
606 2870 733 2916 sunt
763 2857 862 2939 qui
885 2869 1262 2938 apparuerunt
1284 2855 1563 2923 Abrahae,
1590 2853 1732 2912 sicut
1762 2852 2051 2934 Scriptura

312 2945 447 3003 solet
476 2947 620 3004 viros
659 2946 824 3003 etiam
859 2945 1073 3021 angelos
1102 2965 1442 3025 nuncupare.
1489 2945 1604 3002 Nec
1648 2963 1839 3000 eorum
1883 2941 2050 3000 alicui

312 3034 409 3092 uni
432 3035 746 3115 promptius
774 3046 826 3091 et
860 3033 1128 3092 humilius
1158 3033 1445 3093 Abraham
1468 3031 1760 3090 obsecutus
1783 3042 1861 3088 est
1881 3049 2050 3110 quam

310 3120 534 3182 duobus
555 3169 570 3196 ,
610 3122 703 3181 sed
748 3121 1034 3202 aequaliter
1075 3122 1333 3181 omnibus
1360 3119 1525 3203 pedes
1561 3117 1735 3192 lavit,
1768 3117 2052 3200 aequaliter

372 3228 387 3259 ¹
413 3231 518 3272 Gen.
544 3243 632 3287 xtx,
661 3242 730 3286 ω,
760 3230 827 3272 13.
849 3250 907 3259 —-
926 3225 947 3256 ²
968 3227 1075 3272 lbid.
1106 3244 1177 3280 ¹7·
