2144 3808
298 331 413 389 260
828 351 873 391 s.
926 349 1236 393 Aucus‘rmr
1278 342 1547 394 Errscorr
1614 370 1622 374 -

294 430 382 491 vel
413 431 689 491 humanus
715 433 890 514 possit
910 433 1007 514 qui
1038 456 1256 493 carnem
1297 435 1458 494 istam
1499 434 1769 508 vivificat,
1796 435 1882 495 vel
1914 436 2033 518 ipse

295 541 589 603 corporeus
612 522 711 604 qui
757 536 950 582 ventus
973 523 1178 582 dicitur
1199 549 1214 593 ;
1234 538 1442 605 quanto
1471 526 1648 584 minus
1682 524 1771 584 ille
1796 526 2037 608 Spiritus

292 612 398 669 Dei
418 612 514 693 qui
533 613 781 670 omnium
798 612 1090 671 hominum
1113 626 1166 671 et
1185 613 1516 688 Angelorum
1540 629 1746 673 mentes
1772 615 2038 674 ineffabili

296 699 607 758 excellentia
621 700 824 760 divinae
841 702 1163 761 substantiae
1178 703 1587 783 supergreditur
1604 725 1618 761 ε
1638 718 1731 762 aut
1746 706 2039 787 quisquam

298 788 396 846 tali
424 789 807 871 praecipitetur
833 812 1014 850 errore
1031 840 1046 865 ,
1074 805 1136 851 ut
1158 791 1359 850 audeat
1378 792 1560 851 dicere
1596 793 1792 852 Filium
1824 807 1878 851 et
1903 793 2039 874 Spi-

297 890 418 936 tum
444 891 695 937 sanctum
718 879 883 942 etiam
905 880 1256 956 vigilantibus
1271 880 1594 939 hominibus
1610 903 1720 939 esse
1737 880 2034 954 visibilem,

294 967 518 1025 Patrem
564 981 743 1026 autem
771 969 989 1027 nonnisi
1024 969 1443 1030 somniantibus,
1483 969 1780 1042 Quomodo
1810 991 1936 1046 crgo
1974 969 2043 1028 de

295 1056 460 1113 Patre
489 1054 602 1113 solo
628 1055 913 1134 accipiunt
939 1078 954 1113 z
982 1083 1010 1109 «
1035 1057 1217 1127 Quem
1247 1077 1406 1113 nemo
1435 1056 1728 1114 hominum
1744 1057 1908 1126 vidit,
1941 1077 2044 1114 nec

294 1171 320 1197 2>
351 1142 536 1203 videre
559 1156 742 1223 potest
761 1142 824 1202 1?
863 1148 946 1201 An
973 1165 1100 1202 cum
1133 1143 1419 1201 dormiunt
1446 1143 1723 1216 homineS‚
1771 1157 1905 1203 tunc
1930 1165 2042 1202 non

294 1244 424 1289 sunt
464 1231 753 1290 homines?
782 1244 877 1289 aut
909 1232 1008 1312 qui
1051 1231 1288 1290 formare
1337 1231 1754 1290 similitudinem
1801 1224 2048 1314 corporis

292 1333 472 1402 potest
505 1320 576 1378 ad
619 1342 672 1378 se
702 1320 1126 1397 significandum
1159 1343 1259 1401 per
1305 1320 1420 1380 visa
1469 1321 1862 1379 somniantium
1885 1368 1900 1392 ,
1936 1343 2048 1379 non

299 1421 482 1491 potest
509 1408 746 1467 formare
768 1410 949 1489 ipsam
996 1432 1319 1491 corpoream
1350 1423 1625 1472 craturam
1656 1410 1725 1469 ad
1758 1431 1812 1468 se
1836 1410 2050 1487 signifi-

302 1498 545 1558 candum
577 1499 750 1557 oculis
768 1499 1151 1575 vigilantium?
1177 1522 1303 1559 cum
1333 1500 1588 1581 ejusipsa
1618 1500 1923 1558 substantia
1941 1521 2052 1581 qua

302 1602 383 1647 est
410 1590 526 1670 ipse
555 1588 707 1670 quod
749 1602 829 1647 est
869 1589 1022 1648 nulla
1047 1590 1295 1671 corporis
1323 1589 1679 1648 similitudine
1720 1589 2046 1662 dormienti,

302 1677 459 1737 nulla
508 1699 772 1759 corporea
804 1679 987 1760 specie
1034 1679 1285 1755 vigilanti
1335 1677 1509 1759 possit
1539 1678 1785 1747 ostendi3
1820 1678 1912 1736 sed
1943 1699 2057 1736 non

304 1766 483 1825 solum
505 1766 679 1824 Patris
695 1814 709 1838 ,
730 1767 1090 1826 verumetiam
1113 1767 1238 1825 Filii
1253 1780 1307 1825 et
1329 1768 1568 1847 Spiritus
1584 1770 1777 1826 sancti.
1817 1768 1888 1824 Et
1911 1780 2056 1825 certe

305 1857 404 1936 qui
436 1855 782 1931 vigilantium
811 1856 939 1915 visis
969 1869 1291 1927 moventur,
1317 1869 1513 1914 utnon
1538 1858 1787 1927 Patrem,
1815 1855 1908 1913 sed
1938 1869 2056 1914 tan-

306 1959 424 2004 tum
459 1945 661 2003 Filium
703 1945 790 2004 vel
816 1946 1087 2026 Spiritum
1141 1960 1390 2004 sanctum
1425 1946 1652 2005 credant
1677 1937 2058 2027 corporalibus

303 2034 600 2092 hominum
651 2034 971 2115 apparuisse
1001 2035 1416 2115 conspectibuS,
1455 2048 1518 2093 ut
1569 2035 1818 2092 omittam
1854 2047 2060 2092 tantam

305 2121 659 2181 latitudinem
684 2136 998 2182 sanctarum
1037 2124 1399 2203 paginarum,
1433 2136 1487 2181 et
1536 2135 1647 2181 tam
1692 2121 2058 2205 multiplicem

306 2231 497 2270 earum
542 2210 984 2288 intelligentiam,
1013 2211 1160 2270 unde
1206 2233 1367 2270 nemo
1393 2212 1512 2270 sani
1557 2211 1759 2292 capitis
1788 2211 2059 2269 affirmare

313 2300 480 2359 debet
521 2321 794 2380 nusquam
823 2322 1111 2381 personam
1165 2301 1344 2359 Patris
1393 2322 1493 2382 per
1538 2299 1781 2381 aliquam
1823 2299 2061 2380 speciem

308 2389 654 2470 corporalem
672 2389 1019 2467 vigilantium
1037 2390 1211 2449 oculis
1233 2390 1662 2449 demonstratam
1690 2412 1704 2448 ε
1728 2389 1819 2448 sed
1838 2404 1899 2448 ut
1924 2390 2056 2461 hoe,

315 2493 378 2539 ut
394 2479 528 2550 diXi,
561 2479 842 2550 omittam3
870 2480 1007 2561 quid
1025 2480 1221 2539 dicunt
1250 2480 1318 2539 de
1350 2483 1512 2540 Patre
1546 2493 1730 2538 nostro
1750 2479 2058 2551 Abraham,

318 2570 409 2628 cui
434 2582 580 2627 certe
601 2569 848 2646 vigilanti
885 2585 939 2629 et
963 2570 1316 2642 ministranti,
1346 2592 1476 2629 cum
1511 2570 1797 2650 Scriptura
1830 2568 2063 2649 praemi-

315 2659 466 2717 sisset
488 2657 673 2716 dicens
697 2680 710 2715 ε
742 2686 768 2713 «
795 2659 953 2718 Visus
984 2672 1064 2718 est
1093 2659 1364 2717 Dominus
1398 2658 1641 2717 Abrahae
1661 2657 1708 2729 ‘'·,
1744 2684 1769 2709 »
1788 2679 1902 2715 non
1924 2678 2064 2715 unus

321 2761 416 2806 aut
445 2746 581 2817 duo,
608 2745 701 2805 sed
727 2761 830 2805 tres
859 2761 1237 2829 apparuerunt
1258 2747 1384 2818 viri,
1416 2768 1653 2826 quorum
1684 2744 1868 2803 nullus
1886 2744 2064 2803 excel-

322 2837 432 2895 sius
483 2835 920 2896 aliiseminuisse
954 2837 1135 2896 dictus
1180 2850 1289 2909 est,
1327 2835 1511 2895 nullus
1539 2835 1866 2894 honoratius
1900 2834 2065 2892 efful-

321 2925 468 2993 sisse,
502 2925 688 2983 nullus
718 2926 1065 3007 imperiosius
1092 2925 1273 3003 egisse.

403 3015 629 3075 XXXV.
672 3015 1029 3096 Quapropter
1049 3015 1310 3096 quoniam
1339 3016 1396 3072 in
1423 3015 1517 3074 illa
1554 3014 1832 3095 tripartita
1880 3023 2064 3069 nostra

325 3103 714 3164 distributione
736 3105 983 3184 primum
1011 3126 1255 3186 quaerere
1303 3104 1641 3163 instituimus
1659 3103 1705 3173 ⁴⁹³,
1740 3115 1928 3160 utrum
1961 3103 2086 3158 Ῥω.

327 3209 441 3267 ter,
473 3216 542 3254 an
566 3193 758 3261 Filius,
785 3216 853 3252 an
874 3195 1110 3277 Spiritus
1134 3208 1383 3265 sanctus;
1430 3218 1501 3255 an
1545 3189 1842 3275 aliquando
1870 3191 2058 3261 Pater,

386 3300 400 3329 ¹
430 3314 445 3339 1
466 3298 572 3341 Tim.
594 3313 650 3346 vl,
674 3313 738 3353 ¹9·
755 3320 814 3330 —
831 3296 852 3328 2
868 3302 971 3343 Gen.
993 3314 1120 3350 xvm,
1147 3314 1185 3343 ι.
1203 3321 1259 3331 -
1278 3296 1298 3329 3
1315 3299 1421 3342 vide
1441 3312 1564 3355 supra
1579 3311 1620 3341 n.
1646 3310 1713 3340 12.
