2144 3808
621 322 690 361 DE
735 319 1053 373 rmmnrn,
1102 321 1212 360 mn.
1265 323 1318 363 v.
1736 298 1854 370 345
1916 284 1929 293 ’

134 406 294 463 Patre
317 403 568 486 procedit
585 450 600 474 ‚
625 403 767 461 sicut
788 401 1055 461 Dominus
1079 400 1250 459 dicit1
1276 426 1292 469 ;
1317 415 1371 459 et
1389 402 1539 482 quod
1565 400 1856 483 Apostolus

136 494 241 551 ait:
271 520 297 545 «
313 492 422 564 Qui
443 490 708 571 Spiritum
726 489 934 549 Christi
953 511 1061 548 non
1082 488 1248 547 habet
1265 535 1280 560 ,
1301 489 1396 548 hie
1411 511 1523 547 non
1539 503 1616 548 est
1633 490 1803 565 eJus2‚
1826 516 1853 542 >2

134 581 202 640 de
227 582 348 662 ipso
377 580 564 661 utique
586 592 772 638 sancto
799 579 1010 658 Spiritu
1033 578 1124 637 ait.
1157 583 1379 637 Donum
1401 599 1527 654 ergo
1556 577 1854 648 donatoriS‚

134 683 188 728 et
214 669 444 727 donator
471 667 639 738 doni,
675 688 800 725 cum
835 666 1097 737 dicimus,
1122 666 1344 724 relative
1363 680 1660 747 utrumque
1678 664 1748 722 ad
1775 665 1857 722 in-

133 758 308 816 vicem
341 756 592 815 dicimus.
633 756 775 830 Ergo
798 754 1034 834 Spiritus
1056 767 1276 812 sanctus
1300 754 1588 812 ineffabilis
1605 767 1682 812 est
1698 774 1858 835 quae-

134 845 262 904 dam
306 847 483 908 Patris
546 843 776 922 Filiique
814 842 1130 900 communio
1166 867 1181 910 ;
1231 855 1284 899 et
1331 841 1454 900 ideo
1512 841 1738 900 fortasse
1784 841 1863 899 sic

135 934 464 1015 appellatur,
503 933 633 1013 quia
662 931 814 990 Patri
856 944 909 990 et
940 931 1078 990 Eilio
1114 943 1294 1011 potest
1335 931 1521 989 eadem
1563 930 1862 1011 appellatio

135 1024 438 1106 convenire.
479 1022 618 1079 Nam
647 1021 754 1079 hoc
774 1022 890 1101 ipse
911 1021 1135 1101 proprie
1156 1020 1383 1090 dicitur,
1416 1019 1567 1100 quod
1593 1019 1675 1078 illi
1701 1040 1860 1077 com-

132 1112 372 1177 muniter
400 1133 415 1169 :
443 1111 573 1193 quia
594 1124 647 1168 et
675 1113 836 1168 Pater
862 1110 1086 1190 spiritus
1110 1122 1163 1166 et
1185 1109 1353 1167 Filius
1384 1109 1608 1190 spiritus
1628 1155 1644 1180 ‚
1677 1121 1731 1166 et
1749 1109 1864 1165 Pa-

133 1213 215 1259 ter
255 1214 474 1259 sanctus
518 1213 572 1258 et
607 1200 774 1258 Filius
812 1212 1049 1258 sanctus,
1082 1198 1158 1255 Ut
1193 1218 1319 1273 ergo
1361 1218 1421 1255 ex
1462 1197 1683 1255 nomine
1717 1195 1869 1276 quod

135 1288 355 1370 utrique
384 1288 669 1360 convenit,
702 1288 988 1367 utriusque
1024 1285 1340 1346 communio
1374 1285 1730 1360 significetur,
1762 1305 1868 1342 vo-

135 1391 293 1436 catur
313 1377 522 1435 donum
556 1378 849 1435 amborum
874 1376 1110 1456 Spiritus
1133 1387 1375 1434 sanctus,
1418 1375 1489 1431 Et
1523 1373 1648 1432 haec
1678 1374 1722 1430 T
1729 1372 1868 1430 rini-

135 1477 217 1522 tas
242 1485 382 1522 unus
411 1467 556 1523 Deus
579 1512 594 1536 ‚
624 1465 770 1523 solus
792 1511 806 1536 ‚
838 1465 1017 1521 bonus
1042 1510 1056 1532 ‚
1089 1483 1316 1538 magnus
1338 1508 1353 1532 ‚
1387 1475 1651 1532 aeterum,
1677 1461 1862 1519 omni-

124 1565 328 1632 'potens
354 1575 367 1610 :
397 1554 513 1634 ipse
553 1553 660 1611 sibi
707 1554 916 1624 unitam,
952 1551 1124 1610 deitas
1147 1598 1161 1621 ‚
1201 1549 1523 1626 magnitudo
1546 1596 1562 1623 ,
1609 1549 1827 1608 bonitas
1850 1595 1866 1620 ‚

135 1642 439 1712 aeternitaS‚
470 1642 907 1721 omnipotentia.·
1283 1636 1298 1650 ’

218 1733 378 1792 Xlll.
409 1733 522 1790 Nee
545 1753 762 1790 movere
790 1732 954 1790 debet
971 1731 1236 1812 quoniam
1257 1730 1491 1789 diximus
1511 1729 1735 1788 relative
1756 1726 1872 1786 dici

140 1820 410 1901 Spiritum
437 1834 688 1879 sanctum
714 1867 728 1892 ,
763 1842 876 1879 non
905 1821 1078 1901 ipsam
1113 1820 1470 1891 Trinitatem,
1504 1818 1596 1877 sed
1621 1839 1743 1876 eum
1775 1816 1875 1898 qui

138 1922 218 1966 est
242 1909 301 1966 in
334 1909 600 1966 Trinitate
621 1955 636 1976 ‚
666 1909 795 1988 quia
825 1930 937 1967 non
962 1909 1010 1967 ei
1037 1906 1257 1966 videtur
1278 1906 1519 1981 vicissim
1546 1904 1876 1985 respondere

139 1997 477 2057 vocabulum
509 2002 624 2074 ejus
650 1997 719 2056 ad
746 2018 911 2079 quem
934 1996 1184 2055 refertur.
1217 1996 1341 2053 Non
1361 1997 1537 2067 enim,
1570 1995 1713 2052 sicut
1739 1993 1877 2052 dici-

138 2106 261 2143 mus
291 2106 504 2144 servum
535 2086 744 2144 domini
783 2099 836 2143 et
866 2085 1156 2144 dominum
1186 2085 1362 2155 servi,
1396 2082 1574 2141 filium
1612 2082 1784 2162 patris
1821 2094 1875 2139 et

139 2187 354 2254 patrem
391 2174 525 2247 filii,
572 2175 832 2255 quoniam
870 2175 972 2232 ista
1007 2173 1230 2231 relative
1274 2172 1560 2243 dicuntur,
1595 2171 1671 2228 ita
1708 2170 1873 2229 etiam

140 2261 236 2320 hic
268 2284 552 2343 possumus
593 2263 795 2322 dicere.
849 2262 1098 2319 Dicimus
1132 2260 1276 2318 enim
1318 2259 1591 2340 Spiritum
1624 2269 1877 2316 sanctum

141 2351 318 2408 Patris
337 2397 351 2421 ‚
384 2351 477 2409 sed
506 2372 617 2408 non
637 2350 875 2409 vicissim
908 2349 1143 2408 dicimus
1165 2349 1386 2406 Patrem
1407 2347 1648 2428 Spiritus
1671 2344 1868 2415 sancti,

141 2459 210 2496 ne
244 2438 411 2497 Fili-us
437 2443 551 2515 eju's
583 2438 916 2514 intelligatur
946 2437 1185 2517 Spiritus
1209 2448 1443 2495 sanctus
1474 2437 1614 2493 Item
1639 2433 1876 2492 dicimus

142 2526 409 2607 Spiritum
449 2540 699 2586 sanctum
730 2527 896 2598 Filii,
934 2525 1027 2585 sed
1055 2547 1166 2584 non
1196 2524 1433 2583 dicimus
1466 2523 1670 2581 Filium
1704 2520 1878 2602 Spiri-

143 2629 230 2674 tus
250 2616 422 2674 sancti
441 2663 455 2685 ‚
489 2637 556 2674 ne
577 2628 734 2695 pater
757 2619 870 2692 ejus
899 2614 1234 2690 intelligatur
1261 2611 1500 2692 Spiritus
1533 2623 1768 2669 sanctus,
1810 2610 1876 2667 In

142 2703 332 2763 multis
367 2706 511 2762 enim
554 2704 790 2763 relativis
825 2704 934 2762 hoc
977 2702 1281 2778 contingit,
1320 2713 1381 2758 ut
1416 2721 1528 2757 non
1569 2698 1880 2757 inveniatur

144 2790 482 2852 vocabulum
502 2838 516 2862 ‚
549 2813 661 2872 quo
691 2793 798 2850 sibi
819 2792 1058 2851 vicissim
1081 2788 1447 2870 respondeant
1470 2806 1597 2867 quae
1632 2785 1701 2844 ad
1727 2807 1781 2843 se
1803 2806 1883 2843 re-

145 2880 408 2940 feruntur.
438 2879 590 2950 Quid
619 2882 762 2938 enim
796 2893 907 2937 tam
929 2878 1211 2936 manifeste
1236 2876 1458 2945 relative
1486 2873 1692 2931 dicitur
1711 2893 1879 2953 quam

147 2969 383 3050 pignus?
417 2967 503 3026 Ad
531 2967 589 3026 id
618 2969 827 3049 quippe
843 2967 1072 3026 refertur
1096 2970 1254 3042 cujus
1278 2977 1356 3023 est
1386 2963 1580 3044 pignus
1600 3006 1615 3033 ‚
1652 2974 1707 3019 et
1732 2982 1877 3019 sem-

147 3077 249 3137 per
276 3055 474 3135 pignus
496 3054 729 3131 alicujus
751 3056 829 3114 rei
851 3056 1050 3135 pignus
1073 3067 1151 3112 est
1166 3054 1209 3113 3.
1251 3054 1399 3112 Num
1422 3070 1549 3126 ergo
1573 3069 1701 3107 cum
1729 3047 1877 3107 dici-

150 3164 273 3202 mus
298 3144 516 3223 'pignus
559 3144 736 3202 Patris
781 3157 835 3201 et
878 3142 1002 3202 Filii
1020 3189 1035 3214 ‚
1081 3162 1369 3224 possumus
1413 3137 1652 3220 vicissim
1697 3136 1891 3195 dicere⁴

214 3248 229 3278 ¹
249 3248 370 3291 Joan.
388 3261 456 3299 xv,
477 3248 549 3294 26.
567 3266 624 3279 -—
641 3245 661 3278 2
682 3250 800 3292 Rom.
821 3259 1047 3303 v111‚9.—
1062 3244 1082 3279 3
1098 3259 1127 3300 p
1149 3248 1243 3292 Cor.
1262 3260 1302 3298 v,
1322 3245 1361 3298 3,
1380 3250 1421 3287 et
1436 3241 1586 3300 Ephes.
1607 3254 1647 3296 ι,
1678 3248 1747 3289 14·
