2144 3808
290 318 363 379 72
817 318 861 356 S.
915 316 1222 357 AUG-US'I'INI
1268 316 1524 355 EPISCOPI

286 398 506 457 duobus
551 398 656 458 diis
678 411 729 457 et
778 399 997 458 duobus
1027 400 1265 459 dominis
1308 413 1498 458 contra
1521 413 1866 481 praeceptum
1890 401 2016 473 Dei,

283 487 379 546 sed
409 488 649 547 Domino
684 489 778 547 uni
812 489 1070 548 serviatis,
1110 487 1217 547 Sed
1245 509 1393 546 nunc
1422 488 1490 546 de
1515 488 1622 548 hac
1652 511 1710 547 re
1741 490 1869 547 satis
1896 488 2017 547 dic-

282 590 403 636 tum
433 578 519 637 sit.
566 583 731 649 Puto,
778 599 904 635 cum
930 577 1031 635 ista
1054 577 1268 652 legeris,
1301 577 1444 634 nihil
1473 589 1525 634 te
1553 577 1881 658 respondere
1909 599 2023 659 po·-

279 666 444 724 tuisse
470 665 539 724 ad
567 665 625 724 id
647 666 800 747 quod
817 665 884 723 de
917 665 1179 746 Apostolo
1215 666 1637 724 commemoravi
1666 688 1678 722 :
1722 667 1878 739 «Qui
1905 666 2023 725 ad-
2119 667 2129 735 ἐ

276 779 305 808 »
338 755 514 812 haeret
546 754 820 825 Domino,
869 774 1008 811 unus
1056 753 1282 833 spiritus
1329 766 1423 811 est.
1460 779 1486 806 >³
1526 753 1585 810 Si
1617 755 2020 813 contentionem

285 842 604 923 deposueris
623 890 637 915 ,
664 864 772 900 non
803 843 1043 918 negabis,

359 932 460 990 XI.
514 931 819 989 Undecimo
839 930 963 988 loco
994 932 1168 988 Deum
1190 951 1300 988 esse
1322 930 1592 1011 Spiritum
1614 944 1865 990 sanctum
1896 978 1910 1004 ,
1947 931 2016 990 de

278 1019 488 1101 templo
509 1025 624 1096 ejus
644 1020 795 1100 quod
825 1020 1045 1100 nosipsi
1068 1040 1254 1078 sumus
1275 1066 1290 1091 ‚
1326 1033 1458 1078 teste
1477 1020 1762 1101 ApostolO‚
1789 1020 2022 1091 ostendi,

279 1108 379 1166 ubi
402 1109 478 1166 ait
510 1131 524 1166 ε
561 1135 588 1161 «
617 1109 848 1167 Nescitis
877 1110 1008 1188 quia
1049 1108 1318 1189 templum
1359 1109 1461 1167 Dei
1504 1108 1628 1191 estis
1650 1155 1663 1179 ‚
1705 1121 1759 1165 et
1789 1109 2026 1188 Spiritus

281 1222 310 1249 2>
342 1198 443 1253 Dei
464 1196 686 1254 habitat
703 1198 762 1254 in
783 1197 978 1255 vobis2
996 1200 1019 1254 P
1040 1223 1066 1250 >2
1094 1199 1165 1255 Et
1180 1197 1380 1254 iterum
1408 1218 1421 1253 τ
1452 1222 1477 1247 α
1501 1197 1731 1255 Nescitis
1752 1198 1882 1276 quia
1901 1218 2028 1255 cor-

279 1312 307 1339 »
336 1307 474 1366 pora
501 1300 675 1344 vestra
709 1286 979 1366 templum
1003 1287 1062 1344 in
1085 1286 1242 1345 vobis
1265 1299 1343 1343 est
1368 1286 1604 1366 Spiritus
1633 1287 1828 1358 sancti,
1854 1308 2021 1367 quem

225 1447 227 1449 ‚
281 1400 311 1428 »
335 1374 552 1432 habetis
576 1397 606 1432 a
635 1377 752 1433 Deo
773 1374 831 1433 3?
858 1402 883 1427 »
915 1376 1001 1432 Tu
1035 1388 1218 1431 autem
1250 1374 1318 1432 ad
1353 1375 1456 1431 ista
1489 1374 1816 1454 respondisti
1847 1371 2008 1434 nihil.

290 1462 431 1521 Aisti
467 1463 612 1519 enim
658 1485 671 1519 ε
719 1463 1009 1542 «Suscipio
1047 1483 1174 1542 quae
1211 1461 1494 1542 protulisti
1531 1484 1545 1519 ς
1591 1464 1866 1521 «Nescitis
1895 1463 2029 1544 quia

287 1577 316 1605 2>
338 1549 610 1630 templum
642 1551 745 1609 Dei
777 1552 901 1609 estis
919 1598 933 1623 ,
969 1564 1023 1608 et
1053 1551 1291 1630 Spiritus
1317 1550 1418 1609 Dei
1446 1550 1667 1608 habitat
1694 1551 1752 1608 in
1779 1552 1973 1610 vobis?
2001 1577 2027 1603 >›

281 1638 474 1717 Neque
504 1638 647 1695 enim
675 1640 821 1696 Deus
847 1686 861 1710 ,
893 1639 1075 1718 inquis
1092 1685 1106 1709 ‚
1141 1638 1361 1706 habitat
1382 1639 1439 1695 in
1461 1639 1713 1710 homine,
1734 1661 1895 1720 quern
1917 1661 2027 1698 non

285 1739 407 1784 ante
445 1726 685 1805 Spiritus
720 1726 1142 1785 sanctificaverit
1194 1739 1357 1805 atque
1397 1726 1737 1806 purgaverit.
1772 1753 1798 1779 >2
1845 1729 2027 1807 Atque

285 1814 392 1872 isto
423 1813 592 1872 modo
622 1815 856 1890 intelligi
901 1814 1150 1885 voluisti,
1184 1835 1297 1872 non
1330 1813 1599 1894 Spiritum
1631 1828 1881 1872 sanctum
1921 1835 2029 1872 esse

290 1902 504 1960 dictum
529 1905 709 1961 Deum
729 1950 743 1975 ,
765 1924 866 1960 nec
898 1901 1166 1982 templum
1195 1901 1432 1981 Spiritus
1458 1903 1630 1959 sancti
1655 1924 1755 1961 nos
1785 1923 1914 1973 esse,
1936 1901 2029 1960 sed

290 1993 394 2051 Dei
425 2015 438 2049 ε
469 2005 522 2050 et
544 1992 654 2050 hoc
679 2007 787 2050 esse
811 1991 1020 2049 dictum
1042 2037 1058 2062 ,
1085 1991 1416 2071 «Templum
1440 1991 1538 2048 Dei
1561 1992 1702 2051 estis,
1724 2019 1750 2045 ›>
1779 1991 1885 2049 Sed
1905 1991 2027 2050 ideo

290 2079 543 2138 additum
565 2126 579 2151 ,
613 2106 639 2132 c<
659 2079 897 2159 Spiritus
926 2079 1028 2137 Dei
1056 2078 1273 2135 habitat
1300 2078 1358 2135 in
1383 2078 1542 2137 vobis
1572 2101 1585 2135 ε
1614 2105 1639 2131 »
1670 2079 1800 2159 quia
1830 2090 2031 2158 purgat

290 2168 531 2248 Spiritus
559 2181 776 2226 sanctus
803 2167 1076 2248 templum
1101 2167 1239 2237 Dei,
1273 2187 1384 2224 non
1429 2188 1588 2224 suum
1614 2192 1628 2236 ;
1662 2180 1725 2224 ut
1761 2188 1888 2224 cum
1914 2167 2029 2247 ipse

287 2258 629 2338 purgaverit,
658 2270 792 2315 tunc
813 2256 927 2315 illic
945 2256 1224 2315 inhabitet
1246 2259 1410 2315 Deus,
1433 2256 1610 2327 Quem
1636 2277 1849 2315 sensum
1868 2270 2029 2314 tuum

290 2358 498 2424 quanta
526 2358 786 2424 sequatur
807 2343 1116 2402 absurditas
1133 2390 1148 2415 ,
1173 2343 1302 2402 nolo
1325 2365 1475 2402 nunc
1493 2344 1688 2404 dicere.
1716 2344 1863 2403 Illud
1884 2345 2029 2402 enim

290 2454 443 2492 nunc
465 2433 747 2491 ostendere
758 2432 956 2504 debe0‚
970 2432 1252 2514 quomodo
1270 2433 1440 2493 multa
1451 2433 1708 2506 dicendo,
1720 2433 1863 2491 nihil
1878 2426 2029 2514 quod

298 2519 370 2578 ad
395 2541 505 2578 rem
531 2521 770 2600 pertinet
794 2567 808 2589 ‚
843 2520 1055 2579 dixeris,
1095 2521 1360 2578 Dimisisti
1379 2522 1524 2579 enim
1552 2541 1793 2593 causam,
1822 2535 1875 2578 et
1895 2543 2029 2601 per-
2123 2571 2126 2575 .

290 2607 471 2667 rexisti
488 2608 546 2666 in
557 2606 777 2665 laudem
801 2608 1039 2688 Spiritus
1061 2609 1257 2680 sancti,
1275 2630 1505 2688 eamque
1523 2608 1741 2688 copiose
1765 2621 1957 2666 contra
1979 2622 2029 2666 te
2116 2602 2137 2727 Ξ

291 2697 478 2777 ipsum
505 2710 756 2755 executus
786 2718 857 2757 es,
898 2698 1106 2755 Contra
1140 2710 1190 2754 te
1219 2697 1401 2776 ipsum
1431 2697 1554 2754 ideo
1586 2696 1728 2767 dixi,
1766 2698 2026 2777 quoniam
2118 2731 2138 2804 ἕ

290 2806 404 2842 non
425 2784 507 2842 vis
530 2805 653 2853 eum
685 2784 866 2842 dicere
891 2786 1071 2842 Deum
1090 2830 1104 2856 ,
1138 2788 1297 2859 cujus
1323 2796 1529 2840 tantam
1557 2783 1900 2842 divinitatem
1930 2805 2028 2864 per
2121 2788 2140 2982 i

2123 3031 2139 3135 ξ

2129 387 2134 430 ἱ

2111 1623 2122 1635 ->
2104 801 2134 1605 ‹oeta-&maim
2121 787 2128 796 -
2118 761 2127 782 u·
2118 738 2129 756 ‹-

289 2870 507 2929 laudem
539 2885 762 2930 coactus
785 2894 838 2929 es
865 2871 1148 2939 confiteri3
1187 2884 1248 2928 ut
1273 2892 1397 2928 cum
1426 2871 1495 2928 sit
1523 2892 1664 2928 unus
1686 2918 1700 2943 ,
1735 2872 1942 2951 ubique
1959 2873 2027 2930 sit

286 2980 530 3040 praesens
553 3005 567 3027 ‚
595 2973 648 3016 et
669 2957 883 3017 nemini¹
906 2958 1304 3018 sanctificando
1327 2953 1491 3030 desit,
1516 2960 1857 3041 ubicumque
1881 2960 2027 3040 quis-

283 3067 392 3126 que
417 3046 764 3104 Christianus
786 3069 895 3105 esse
918 3060 971 3105 et
988 3049 1163 3104 Deum
1181 3067 1333 3104 orare
1356 3047 1626 3124 voluerit,
1655 3047 1817 3105 simul
1836 3069 1889 3105 se
1908 3069 2026 3105 om-

278 3135 445 3195 nibus
473 3135 783 3195 exhibendo
806 3183 820 3206 ,
848 3137 958 3196 sive
981 3137 1039 3194 in
1064 3136 1312 3207 Oriente,
1339 3136 1449 3195 sive
1465 3137 1522 3194 in
1545 3135 1850 3195 Occidente
1873 3136 2024 3217 bap-

335 3240 352 3270 ¹
379 3254 396 3281 ι
423 3242 515 3283 Cor.
538 3252 594 3293 vr,
621 3256 690 3295 ¹7·
711 3265 767 3274 —
786 3239 807 3270 ²
823 3241 884 3283 Id.
906 3255 958 3304 ιιι,
975 3249 1015 3283 et
1037 3255 1093 3284 vx.
1115 3264 1172 3273 -
1188 3238 1206 3271 3
1235 3240 1337 3284 vide
1359 3241 1465 3284 Beda
1486 3241 1527 3283 in
1545 3240 1728 3284 eumdem
1748 3241 1899 3284 locum.
