2144 3808
280 181 400 252 334
809 199 853 235 s,
914 194 1220 234 Aucusrini
1264 195 1519 235 EPISCOPI

278 286 581 366 quantitate
631 303 891 359 magnum
909 329 924 354 ,
982 280 1095 338 sine
1148 278 1449 356 indigentia
1506 295 1802 341 creatorem
1825 330 1840 355 ,
1898 284 2011 345 sine

275 377 381 434 situ
409 372 818 456 praesidentem,
865 373 980 431 sine
1021 370 1222 428 habitu
1264 371 1447 429 omnia
1478 372 1872 442 continentem,
1901 374 2014 433 sine

277 465 402 524 loco
436 462 644 545 ubique
666 472 844 522 totum
868 510 883 535 ,
919 461 1032 520 sine
1058 473 1303 539 tempore
1325 461 1739 542 sempiternum,
1767 461 1880 521 sine
1902 457 2014 522 ulla

280 553 363 613 sui
398 557 700 612 mutatione
727 549 1019 611 mutabilia
1050 547 1339 607 facientem
1360 591 1391 621 r
1414 549 1665 632 nihilque
1692 550 2008 632 patientem,

282 643 544 724 Quisquis
582 644 762 701 Deum
791 642 866 700 ita
908 638 1135 715 cogitat,
1189 637 1288 695 etsi
1333 637 1586 696 nondum
1635 653 1817 720 potest
1867 640 2019 700 omni

282 732 449 792 modo
482 731 725 792 invenire
750 730 889 814 quid
918 730 1023 796 sit3
1072 727 1164 808 pie
1199 740 1381 786 tamen
1412 741 1588 800 cavet,
1621 735 1889 810 quantum
1921 746 2020 812 po-

281 834 410 893 test,
443 819 654 902 aliquid
678 820 747 879 de
763 842 826 879 eo
856 817 1053 878 sentire
1076 816 1228 897 quod
1252 837 1363 875 non
1381 817 1466 876 sit.

368 915 474 973 III.
510 915 605 970 Est
625 925 810 972 tamen
842 911 957 970 sine
981 909 1328 967 dubitatione
1351 909 1679 983 substantia,
1717 911 1803 972 vel
1832 912 1875 970 si
1903 922 2023 971 me-

284 1002 390 1062 lius
416 1001 527 1060 hoc
545 1001 880 1082 appellatur,
912 997 1163 1069 essentia,
1192 1019 1362 1078 quam
1389 998 1573 1056 Graeci
1601 1002 1770 1059 οὐσίαν
1797 1010 2017 1061 vocant.

209 1158 218 1165 „
287 1092 444 1150 Sicut
462 1089 608 1148 enim
634 1089 703 1146 ab
733 1107 796 1146 oo
826 1086 979 1168 quod
1009 1098 1087 1144 est
1116 1107 1324 1166 *sapere
1373 1083 1523 1145 dicta
1556 1101 1634 1146 est
1656 1089 1941 1170 sapientia,
1975 1104 2029 1149 et

289 1180 361 1238 ab
378 1198 440 1237 eo
459 1177 610 1259 quod
635 1186 713 1235 'est
741 1178 877 1235 scire
905 1175 1053 1233 dicta
1079 1188 1157 1232 est
1181 1174 1428 1241 scientia,
1464 1175 1538 1233 ita
1581 1172 1652 1234 ab
1682 1198 1745 1235 eo
1770 1164 1922 1260 quod
1952 1189 2030 1237 'est

289 1280 398 1329 esse
434 1267 580 1326 *dicta
612 1275 689 1325 ‘cst
735 1266 978 1326 essentia.
1013 1267 1084 1324 Et
1122 1265 1245 1346 quis
1273 1266 1444 1342 magis
1490 1279 1590 1339 est,
1620 1289 1786 1348 quam
1813 1266 1905 1327 ille
1936 1266 2032 1349 qui

290 1359 423 1418 dixit
443 1356 651 1416 famulo
677 1364 774 1415 suo
809 1355 987 1437 Moysi
1016 1378 1030 1413 ε
1068 1382 1093 1408 α
1125 1351 1240 1431 Ego
1262 1374 1382 1414 sum
1404 1355 1501 1436 qui
1530 1377 1648 1415 sum
1676 1379 1691 1414 t
1724 1370 1776 1415 et
1800 1355 1947 1416 dices
1961 1358 2034 1416 fi-

293 1473 320 1501 »
346 1447 431 1506 liis
453 1446 666 1504 Israel:
703 1446 817 1518 Qui
839 1458 918 1504 est
948 1444 1097 1502 misit
1127 1465 1216 1502 me
1247 1443 1318 1503 ad
1357 1465 1452 1503 vos
1473 1443 1536 1504 1?
1557 1473 1583 1499 »
1614 1445 1722 1505 Sed
1753 1444 1875 1505 aliae
1907 1467 2033 1530 quae

291 1536 556 1595 dicuntur
578 1535 821 1594 essentiae
843 1582 857 1607 ,
897 1533 1008 1593 sive
1040 1531 1363 1591 substantiae
1415 1532 1649 1614 capiunt
1689 1533 1990 1594 accidentia
2014 1581 2029 1608 ‚

292 1626 496 1708 quibus
516 1625 575 1683 in
598 1624 673 1683 eis
701 1625 800 1682 fiat
823 1623 910 1683 vel
940 1615 1138 1699 magna
1169 1621 1257 1681 vel
1281 1636 1733 1705 quantacumque
1750 1623 1980 1682 mutatio
2016 1646 2030 1682 ε

293 1722 413 1775 Deo
458 1720 639 1773 autem
685 1711 895 1794 aliquid
942 1710 1213 1788 ejusmodi
1261 1711 1507 1771 accidere
1554 1734 1667 1772 non
1715 1726 1938 1795 potest3
1987 1727 2041 1772 et

292 1804 417 1863 ideo
442 1803 554 1862 sola
582 1815 661 1860 est
691 1800 1164 1860 incommutabilis
1199 1801 1507 1860 substantia
1531 1801 1618 1862 vel
1646 1804 1870 1862 essentia
1894 1851 1909 1876 ,
1942 1804 2041 1885 qui

295 1896 441 1953 Deus
475 1902 594 1965 est,
630 1892 722 1950 cu‘i
756 1889 1006 1972 profecto
1039 1891 1220 1971 ipsum
1245 1912 1356 1949 esse
1378 1938 1392 1963 ,
1423 1890 1569 1950 unde
1597 1893 1827 1951 essentia
1853 1893 2039 1952 nomi-

294 1995 423 2042 nata
450 2003 503 2040 es
523 2029 536 2051 ‚
568 1981 797 2039 maxime
828 2001 891 2038 ac
916 1979 1190 2038 verissime
1219 1979 1505 2061 competit.
1548 1974 1714 2053 Quod
1737 1982 1881 2040 enim
1909 2002 2039 2040 mu-

293 2085 474 2139 tatur,
521 2091 633 2128 non
673 2080 851 2127 servat
890 2069 1076 2150 ipsum
1108 2088 1251 2136 esse3
1296 2080 1350 2127 et
1377 2067 1530 2150 quod
1570 2069 1774 2128 mutari
1813 2083 2031 2152 potest,

298 2160 508 2221 etiamsi
540 2180 654 2217 non
694 2171 967 2229 mutetur,
1011 2170 1195 2239 potest
1228 2156 1381 2238 quod
1423 2157 1603 2217 fuerat
1643 2180 1756 2218 non
1795 2171 1933 2218 esse:
1977 2181 2038 2219 ac

298 2257 401 2334 per
427 2250 539 2309 hoc
562 2246 702 2307 illud
726 2247 902 2306 solum
936 2246 1089 2328 quod
1113 2270 1226 2306 non
1251 2261 1467 2306 tantum
1491 2270 1604 2307 non
1631 2261 1878 2309 mutatur
1899 2297 1913 2322 ,
1942 2271 2040 2310 ve-

298 2339 591 2400 rumetiam
637 2338 840 2396 mutari
864 2337 1091 2395 omnino
1123 2359 1237 2395 non
1263 2350 1445 2418 potest
1462 2385 1477 2409 ,
1513 2338 1626 2397 sine
1652 2338 1914 2420 scrupulo
1940 2360 2039 2398 oc-

302 2431 477 2490 currit
496 2427 648 2510 quod
669 2427 945 2488 verissime
970 2426 1190 2486 dicatur
1211 2449 1337 2495 esse.

386 2519 480 2578 IV.
517 2515 894 2589 Quamobrem
915 2529 977 2575 ut
1010 2520 1126 2594 jam
1149 2517 1312 2574 etiam
1334 2515 1400 2574 de
1421 2517 1486 2575 iis
1509 2537 1635 2598 quae
1655 2538 1757 2576 nec
1777 2516 2041 2578 dicuntur

305 2621 367 2667 ut
393 2609 732 2684 cogitantur,
783 2628 885 2665 nec
911 2607 1223 2683 cogitantur
1270 2619 1331 2664 ut
1360 2620 1514 2678 sunt,
1546 2606 1871 2687 respondere
1895 2608 2042 2667 inci-

303 2699 523 2781 piamus
553 2696 682 2755 fidei
709 2709 910 2755 nostrae
940 2696 1257 2755 adversariis
1287 2718 1300 2753 ε
1334 2697 1476 2754 inter
1500 2695 1672 2754 multa
1696 2718 1823 2779 quae
1854 2698 2040 2775 Ariani

291 2788 564 2848 ⁸adversus
586 2784 939 2844 .catholicam
986 2785 1152 2844 fidem
1203 2784 1376 2843 solent
1431 2784 1733 2866 disputare,
1778 2786 1888 2846 hoc
1935 2786 2041 2846 sibi

304 2878 534 2935 maxime
561 2874 975 2951 callidissimum
997 2873 1506 2933 machinamentum
1521 2895 1831 2956 proponere
1851 2864 2040 2935 viden-

302 2979 414 3038 tur,
450 2985 579 3023 cum
610 2963 807 3023 dicunt
836 2986 850 3021 ε
887 2961 1179 3045 Quidquid
1210 2962 1277 3022 de
1310 2965 1426 3023 Deo
1477 2963 1682 3025 dicitur
1715 2962 1801 3026 vel
1831 2964 2038 3026 intelli-

296 3055 466 3133 gitur,
486 3073 598 3111 non
611 3051 917 3112 secundum
941 3051 1217 3127 accidenS,
1243 3052 1336 3112 sed
1357 3053 1663 3114 secundum
1677 3044 2039 3115 substantiam

365 3157 377 3188 ¹
403 3154 532 3202 Exod.
559 3172 622 3208 ιιι,
649 3165 715 3205 14.
