2144 3808
362 332 581 376 CONTRA
619 330 954 373 MAXIMINUM
997 329 1278 382 ARIANUM‚
1326 331 1436 371 ΠΒ.
1487 333 1552 371 ΙΙ.
1723 311 1830 391 167

116 435 258 476 mur.
289 415 594 477 «Venerunt
608 434 734 490 ergo
757 412 869 471 duo
887 410 1078 488 Angeli
1102 413 1160 469 in
1181 408 1418 469 Sodoma
1439 409 1509 468 ad
1529 431 1829 491 vesperam.

124 531 152 558 »
172 504 321 563 Loth
349 525 477 565 vero
506 502 754 575 sedebat,
786 516 846 560 ut
870 501 1137 582 scriptum
1161 512 1266 571 est,
1287 503 1443 574 juxta
1477 510 1697 578 portam
1739 498 1837 556 So-

124 619 151 646 »
180 590 703 651 domorum.Videns
723 604 904 650 autem
919 589 1069 649 Loth
1091 635 1107 660 ,
1136 587 1363 647 surrexit
1379 586 1440 649 in
1462 585 1683 645 obviam
1708 584 1836 657 illis,

121 707 149 735 »
179 693 232 738 et
253 679 501 740 adoravit
531 680 588 738 in
613 679 805 738 faciem
837 679 894 736 in
923 675 1176 737 terram1.
1205 703 1232 730 ))
1272 675 1436 735 Vides
1462 694 1658 754 nempe
1685 673 1778 730 hic
1814 693 1844 729 a

112 773 262 844 justo
290 767 408 827 viro
442 767 673 844 Angelos
705 765 954 825 adoratos
981 813 994 835 ‚
1025 779 1078 824 et
1098 777 1159 822 tu
1183 786 1294 823 non
1315 763 1395 823 vis
1423 761 1639 821 adorari
1666 759 1847 840 Spiri-

122 868 242 913 tum
269 867 548 926 sanctum‚
586 876 759 955 quem
790 875 887 914 vos
925 874 1144 935 quoque
1183 852 1440 910 omnibus
1482 847 1699 926 Angelis
1734 848 1847 906 sine

122 942 479 1019 ambiguitate
508 943 831 1025 praeponitis
853 946 877 1000 ἱ)
913 941 1021 1000 Sed
1048 940 1299 1000 dicturus
1333 961 1387 998 es
1407 986 1422 1011 ‚
1458 936 1720 996 Homines
1739 956 1849 993 esse

125 1030 418 1103 credebat,
446 1053 574 1089 nam
599 1044 652 1089 et
684 1032 743 1089 in
763 1030 1069 1112 hospitium
1093 1044 1357 1111 tanquam
1380 1026 1630 1086 homines
1653 1023 1849 1084 invita·

120 1118 218 1177 vit.
253 1114 375 1177 Hoc
399 1120 572 1196 magis
603 1132 682 1177 est
710 1132 903 1179 contra
924 1132 976 1177 te
993 1119 1135 1200 ,qui
1162 1118 1302 1176 dicis
1331 1138 1443 1175 non
1472 1113 1686 1173 adorari
1715 1111 1850 1193 Spi-

32 1215 36 1218 “
122 1204 289 1264 ritum
329 1221 616 1279 sanctum,
643 1207 898 1266 omnibus
917 1207 1134 1284 Angelis
1160 1203 1597 1287 praeferendum3
1621 1221 1750 1259 cum
1762 1199 1851 1257 vi-

124 1293 248 1353 deas
275 1306 328 1352 et
350 1294 599 1353 homines
617 1294 896 1354 inferiores
919 1293 1135 1371 Angelis
1155 1316 1186 1351 a
1197 1293 1359 1370 justis
1382 1289 1706 1350 hominibus
1723 1286 1850 1345 ado-

122 1381 249 1441 rari.
297 1380 406 1440 Sed
436 1381 621 1442 adhuc
657 1384 904 1442 dicturus
932 1404 1008 1453 eS,
1045 1383 1351 1440 Dominum
1386 1379 1681 1438 adoravit:
1725 1396 1851 1434 eum

125 1470 336 1550 quippe
370 1469 424 1528 in
451 1469 671 1530 duobus
699 1470 805 1529 illis
825 1518 841 1543 ,
868 1491 1006 1550 quos
1032 1470 1269 1550 putabat
1289 1489 1399 1527 esse
1424 1466 1697 1537 homineS‚
1733 1475 1853 1523 tan-

81 1602 87 1609 .
123 1579 291 1639 quam
313 1560 370 1616 in
395 1560 685 1640 Prophetis
709 1581 816 1618 esse
837 1559 1110 1636 cognovit.
1140 1560 1173 1617 J
1178 1580 1266 1616 am
1287 1578 1414 1634 ergo
1436 1555 1734 1637 probatum
1748 1566 1850 1625 est,

127 1645 285 1725 quod
301 1668 386 1704 me
412 1668 510 1728 per
536 1648 884 1728 Scripturam
923 1656 1166 1705 sanctam
1202 1646 1705 1704 demonstraturum
1744 1662 1854 1699 esse

125 1734 514 1815 promiseram,
542 1735 799 1794 eumdem
820 1735 1120 1793 Dominum
1140 1734 1237 1816 qui
1260 1733 1443 1792 dictus
1458 1731 1637 1791 fuerat
1660 1728 1853 1788 abiisse

128 1834 189 1879 ut
216 1823 440 1880 cessavit
466 1821 620 1921 loqui
654 1823 724 1881 ad
771 1808 1085 1894 Abraham,
1121 1823 1181 1881 in
1224 1821 1331 1880 illis
1375 1821 1597 1880 duobus
1633 1807 1852 1894 Angelis

128 1908 510 1968 descendisse‘
495 1933 553 1968 1n
591 1909 870 1982 Sodoma,
918 1911 1060 1970 sicut
1087 1910 1326 1983 dixerat,
1370 1922 1424 1968 et
1451 1909 1510 1967 in
1537 1908 1612 1967 eis
1642 1906 1711 1965 ab
1742 1905 1853 1963 ho-

128 1997 274 2057 mine
296 2000 446 2076 justo
489 1999 732 2077 agnitum
757 1998 938 2059 fuisse.
989 1999 1258 2057 Exhibuit
1284 1997 1469 2078 itaque
1495 1993 1850 2076 hospitalita-

130 2097 236 2142 tem
265 2086 543 2166 quomodo
584 2088 784 2146 sanctis
819 2086 1144 2146 homiuibus
1183 2087 1325 2158 Dei,
1356 2086 1415 2144 in
1442 2085 1645 2166 quibus
1670 2088 1853 2142 Deum

129 2194 238 2231 esse
264 2177 519 2251 cognovit
541 2221 555 2246 ‚
590 2196 719 2233 cum
740 2197 830 2233 eos
848 2176 1032 2247 rsicut
1062 2176 1223 2234 etiam
1246 2175 1364 2255 ipse
1388 2173 1671 2232 Abraham
1697 2218 1712 2243 ,
1742 2171 1854 2229 An-

130 2261 271 2338 gelos
292 2283 400 2320 esse
422 2264 669 2322 nesciret.
706 2264 776 2321 Hi
798 2263 942 2322 enim
962 2263 1305 2322 Patriarchae
1332 2275 1460 2321 sunt
1483 2260 1773 2338 significati
1795 2259 1855 2317 in

131 2349 376 2430 Epistola
407 2351 475 2409 ad
498 2351 788 2425 HebraeOS‚
824 2353 922 2410 ubi
955 2351 1022 2411 de
1052 2351 1424 2433 hospitalitate
1451 2350 1681 2431 loquens
1727 2349 1801 2407 ait
1835 2370 1849 2406 :

132 2464 157 2490 «
185 2440 291 2496 Per
317 2436 463 2496 hanc
492 2438 719 2518 quidam
749 2439 1043 2499 nescientes
1068 2439 1312 2520 hospitio
1327 2450 1651 2518 receperunt
1681 2437 1855 2513 Ange-

133 2552 160 2579 »
186 2525 319 2585 los2.
348 2551 375 2579 »
404 2526 662 2607 Receptis
701 2548 827 2605 ergo
867 2528 942 2586 eis
981 2527 1129 2588 Loth
1147 2574 1163 2600 ,
1197 2528 1440 2586 nesciens
1468 2525 1620 2607 quod
1665 2524 1860 2601 Angeli

132 2625 330 2684 essen·‚t
359 2634 687 2690 cognoscens
700 2627 882 2674 tamen
902 2615 1044 2675 sicut
1063 2616 1182 2697 ipso
1199 2616 1437 2674 Domino
1456 2614 1864 2677 demonstrante

134 2725 455 2780 cognoscere
481 2705 699 2786 potuit,
744 2706 866 2806 quis
899 2706 956 2765 in
991 2707 1065 2766 eis
1109 2720 1274 2778 esset,
1309 2720 1372 2765 ut
1407 2728 1470 2765 ea
1499 2726 1628 2787 quae
1656 2705 1863 2764 interea

132 2790 275 2849 facta
301 2804 426 2849 sunt
450 2803 692 2874 taceam,
725 2796 850 2854 exiit
872 2816 1002 2854 cum
1031 2795 1105 2854 eis
1135 2794 1202 2853 de
1233 2788 1529 2854 Sodomis:
1559 2792 1717 2893 quod·
1740 2806 1863 2852 ante

135 2901 302 2961 quam
334 2880 507 2951 fieret,
539 2881 681 2940 sicut
708 2883 995 2966 Scriptura
1015 2883 1302 2966 loquitur:
1330 2910 1356 2937 (ε
1375 2884 1643 2942 Dixerunt
1667 2882 1772 2941 viri
1796 2881 1867 2940 ad

139 2995 166 3021 ›>
196 2968 342 3027 Loth
370 2990 383 3025 τ
416 2968 555 3027 Sunt
585 2970 689 3028 tibi
719 2971 815 3030 hic
845 2973 1062 3049 generi,
1099 2985 1195 3031 aut
1219 2971 1320 3032 filii
1339 3020 1354 3044 ,
1383 2986 1475 3031 aut
1498 2971 1666 3046 filiae3
1702 2984 1796 3030 aut
1820 2971 1863 3029 si

136 3086 162 3112 »
191 3059 312 3139 quis
350 3058 456 3116 tibi
482 3058 617 3116 alius
640 3073 718 3118 est
742 3061 799 3118 in
825 3063 1079 3136 civitate,
1114 3063 1256 3122 educ
1282 3062 1350 3121 de
1377 3061 1499 3122 loco
1531 3061 1643 3121 hoc
1680 3085 1692 3119 :
1722 3083 1868 3143 quo-

138 3175 165 3201 »
192 3147 339 3205 niam
369 3146 650 3227 perdimus
674 3171 772 3208 nos
790 3150 975 3210 locum
998 3152 1184 3231 hunc;
1212 3153 1341 3234 quia
1361 3151 1622 3213 exaltatus
1645 3164 1724 3210 est
1745 3149 1864 3209 cla-

205 3251 218 3281 1
243 3254 348 3295 Gen.
367 3265 454 3302 mx,
478 3266 513 3303 1,
540 3266 581 3296 π,
607 3275 662 3286 --·
688 3253 707 3282 2
726 3256 966 3312 Hebr.x111,
989 3272 1028 3298 2.
