2144 3808
326 318 432 356 122
825 319 868 357 5.
922 315 1226 358 AUGUSTINI
1269 319 1525 359 EPlSCOPI

306 399 420 458 rit.
449 398 605 479 quasi
640 420 751 459 non
790 397 889 480 qui
924 411 1172 457 mortuus
1194 412 1272 457 est
1287 401 1444 481 ,ipse
1467 400 1628 459 etiam
1660 398 2040 466 resurrexerit·
2027 440 2043 466 ,

314 487 474 568 quasi
497 509 608 546 non
626 485 802 546 forma
821 509 947 569 quae
971 488 1150 547 occisa
1171 501 1249 546 est
1268 490 1431 570 ‚ipsa
1452 489 1735 562 revixerit,
1762 487 1918 572 quasi
1935 508 2050 565 non

319 573 440 656 ipsa
467 573 527 634 in
557 575 766 634 coelum
793 574 969 640 levata
1013 574 1114 646 sit,
1146 575 1205 633 in
1244 577 1364 655 ipsa
1413 577 1514 646 Dei
1555 577 1723 658 Filius
1757 574 1937 635 sedeat
1979 558 2050 640 ad

324 659 596 739 dexteram
622 662 824 734 Patris,
856 663 915 721 in
938 663 1056 743 ipsa
1075 676 1334 731 venturus
1362 664 1430 729 sit
1457 664 1526 723 ad
1555 666 1708 726 vivos
1733 679 1786 723 et
1808 677 2052 730 mortuos

315 751 671 828 judicandos
712 752 907 811 Nonne
931 751 1226 813 clarissima
1257 753 1577 816 contestatio
1613 767 1692 813 est
1723 742 2054 831 Angelorum

324 839 627 899 dicentium
670 858 706 898 :²
738 865 765 892 «
797 831 888 897 Sic
927 839 1134 912 veniet,
1174 830 1637 921 quemadmodum
1675 840 1888 900 vidistis
1931 858 2057 898 eum

325 952 352 980 2>
379 939 597 1006 euntem
615 926 674 985 in
695 925 971 991 coelum4'1‘
994 954 1019 980 ›>
1046 926 1162 998 Cur
1184 949 1309 1005 ergo
1331 942 1456 1010 post
1479 929 1926 989 resurrectionem
1947 947 2059 985 non
2130 946 2136 950 *

330 1015 578 1091 diceret:
609 1042 635 1068 α
660 1012 909 1075 Ascendo
934 1014 1004 1074 ad
1033 1017 1252 1088 Patrem
1277 1039 1460 1087 meum
1483 1031 1536 1076 et
1554 1019 1772 1078 Patrem
1794 1029 2056 1091 vestrum,

331 1131 359 1160 ›>
382 1103 562 1167 Deum
597 1124 779 1163 meum
820 1117 873 1162 et
905 1105 1084 1163 Deum
1126 1106 1443 1174 vestrum2·
1430 1149 1444 1164 .
1481 1132 1507 1159 >2
1535 1104 1797 1186 quando
1783 1126 1842 1170 m
1870 1102 2060 1172 eadem

327 1190 506 1259 forma
533 1191 714 1250 fuerat
741 1213 1062 1253 ascensurus
1081 1238 1096 1264 ,
1123 1206 1352 1274 propter
1383 1215 1550 1274 quam
1572 1215 1630 1251 ex
1647 1206 1892 1273 tempore
1918 1191 2064 1266 Deus

330 1292 411 1339 est
438 1285 553 1357 ejus
575 1326 589 1351 ‚
623 1279 722 1360 qui
747 1279 859 1348 sine
888 1293 1135 1361 tempore
1164 1284 1323 1340 Pater
1351 1295 1429 1349 est
1452 1285 1600 1358 eJusP
1633 1281 1871 1362 Propter
1897 1299 2066 1360 quam

334 1367 569 1432 formam
590 1390 703 1427 non
726 1369 902 1427 solum
923 1383 1049 1450 post
1064 1371 1512 1436 resurrectionem
1532 1416 1546 1440 ‚
1571 1370 1922 1448 verumetiam
1943 1378 2072 1448 post

327 1457 605 1534 judicium
626 1458 905 1533 subjectus
932 1459 1035 1531 erit
1059 1459 1136 1529 ei,
1162 1459 1259 1539 qui
1285 1458 1366 1538 illi
1386 1458 1618 1534 subjecit
1635 1456 1869 1517 omnia-³.
1897 1457 2072 1529 Quot-

339 1559 476 1626 quot
491 1567 618 1622 ergo
635 1546 940 1617 testimonia
961 1546 1214 1627 posuisti,
1238 1547 1442 1628 quibus
1458 1547 1721 1627 probares
1736 1545 1947 1626 dictum
1965 1564 2073 1602 esse

339 1634 518 1698 Deum
540 1634 771 1704 Christi,
797 1655 920 1694 eum
940 1635 1038 1716 qui
1066 1636 1229 1703 Pater
1244 1648 1322 1693 est
1345 1635 1574 1707 Christi,
1601 1633 1870 1693 discutere
1885 1653 2075 1714 quem-

343 1722 642 1782 admodum
668 1723 817 1793 dicta
844 1724 981 1795 sint,
1006 1725 1348 1805 superfluum
1366 1724 1560 1800 judico
1581 1732 1604 1781 'z
1633 1723 1725 1783 sed
1749 1747 1778 1790 a
1810 1736 1859 1780 te
1875 1716 2077 1780 frustra

347 1825 774 1872 commemorata
797 1824 905 1871 esse
929 1860 943 1884 ‚
976 1828 1113 1895 puto
1138 1813 1289 1894 quod
1321 1835 1419 1872 nec
1447 1827 1509 1872 tu
1534 1813 1731 1877 debeas
1755 1811 2028 1871 dubitare.

427 1914 490 1960 2⁰
536 1902 792 1960 Jamvero
815 1901 956 1961 illud
991 1904 1090 1962 ubi
1121 1903 1384 1963 Dominus
1420 1902 1477 1961 in
1502 1900 1690 1961 eadem
1719 1922 1882 1965 earne
1909 1921 2079 1981 quam

350 1990 764 2065 resuscitaverat
791 1991 1120 2050 constitutus
1140 2038 1154 2062 ‚
1191 2005 1244 2051 et
1272 1989 1524 2050 eumdem
1551 1991 1833 2049 hominem
1862 2008 2078 2066 gerenS,

354 2080 431 2138 ait
459 2078 529 2137 ad
563 2076 877 2159 Discipulos
908 2101 1032 2139 suos
1068 2103 1083 2138 ι
1120 2108 1147 2134 «
1177 2082 1320 2139 Data
1350 2093 1428 2139 est
1466 2079 1605 2140 mihi
1645 2078 1821 2138 omnis
1847 2088 2088 2158 potestas

351 2195 380 2224 »
403 2169 463 2228 in
491 2168 634 2228 eoelo
653 2181 706 2226 et
729 2168 788 2229 in
812 2181 988 2238 terra;
1017 2183 1204 2229 euntes
1230 2169 1421 2228 docete
1445 2190 1630 2227 omnes
1659 2181 1840 2244 gentes
1860 2214 1876 2239 ‚
1903 2165 2087 2247 bapti-

354 2284 381 2312 »
403 2270 585 2325 zantes
608 2277 698 2316 eos
723 2256 783 2316 in
812 2256 1033 2317 nomine
1071 2258 1249 2318 Patris
1278 2271 1332 2316 et
1367 2256 1490 2317 Filii
1519 2270 1572 2315 et
1611 2256 1851 2337 Spiritus
1878 2253 2049 2314 sancti
2070 2299 2085 2322 ‚

354 2373 382 2401 ))
407 2345 662 2405 docentes
703 2366 793 2404 eos
832 2367 1042 2405 servare
1079 2348 1263 2417 omnia
1297 2366 1664 2427 quaecumque
1698 2342 1954 2407 mandavi
1986 2362 2091 2401 vo·-

354 2462 382 2490 »
405 2434 529 2494 bisl⁸
556 2456 572 2494 ι
596 2462 622 2489 υ
654 2434 873 2517 utquid
895 2435 1403 2494 commemoraveris
1422 2482 1437 2501 ,
1463 2447 1516 2492 et
1540 2433 1676 2516 quid
1701 2431 1828 2491 inde
1853 2430 2091 2512 probare

355 2524 625 2595 volueriS‚
669 2545 895 2605 prorsus
929 2525 1129 2585 nescio,
1182 2523 1469 2605 Numquid
1498 2523 1658 2601 enim⁴
1689 2523 1806 2609 ait:
1842 2521 1982 2579 Data
2015 2531 2095 2577 est

363 2613 505 2672 mihi
534 2635 564 2671 a
595 2613 710 2670 Deo
741 2634 862 2670 meo
888 2617 1162 2694 potestas?
1192 2612 1360 2686 Quod
1387 2612 1432 2670 si
1464 2611 1713 2681 dixisset,
1749 2621 1977 2692 propter
2001 2609 2095 2689 ip-

363 2724 482 2762 sam
511 2702 815 2772 humanam
851 2701 1085 2761 formam
1118 2701 1332 2761 dictum
1359 2700 1521 2775 fuisse
1549 2699 1756 2776 ambigi
1782 2719 1893 2757 non
1926 2696 2098 2770 dehe-

367 2804 465 2851 ret.
503 2790 650 2863 Quia
688 2812 818 2861 vero
847 2812 959 2850 non
998 2790 1134 2849 dixit
1156 2836 1171 2862 ,
1214 2788 1350 2870 quid
1385 2790 1488 2848 isto
1531 2787 1839 2846 testimonio
1866 2785 2101 2846 volueris

367 2900 551 2956 agere,
577 2900 690 2937 non
719 2879 984 2958 intellige.
1026 2882 1147 2938 Imo
1175 2877 1417 2955 intelligo
1447 2891 1499 2936 te
1520 2876 1579 2936 id
1599 2876 1763 2954 egisse
1782 2922 1798 2949 ,
1831 2888 1894 2955 ut
1920 2874 2101 2934 abun-

364 2967 586 3030 dantius
613 2967 926 3049 loquereris,
977 2968 1036 3027 Si
1076 2968 1219 3028 enim
1263 2981 1523 3050 tanquam
1561 2968 1676 3039 Deo
1708 2965 1836 3026 data
1862 2977 1941 3024 est
1975 2963 2102 3022 haec

363 3069 603 3139 potestas
623 3102 638 3129 ,
669 3059 914 3117 nascenti
938 3080 1057 3117 eam
1083 3058 1247 3123 Pater
1276 3057 1430 3117 dedit
1452 3103 1467 3130 ‚
1494 3079 1608 3137 non
1633 3053 1900 3134 indigenti
1929 3075 1944 3111 ε
1972 3052 2103 3136 quia

429 3183 570 3230 *Mt-
605 3194 654 3231 1,
694 3181 1029 3230 ¹1.—²Joan.
1054 3198 1140 3235 xx,
1178 3198 1248 3236 ¹7·
1281 3207 1340 3218 -
1372 3181 1393 3220 3
1428 3199 1444 3225 ι
1476 3186 1571 3227 Cor.
1610 3197 1696 3237 xv,
1731 3182 1800 3223 αδ.
1829 3201 1889 3211 —-
1915 3176 2102 3225 ‘Du-uh.

375 3261 541 3297 xxvm,
575 3248 642 3288 18.
