2144 3808
323 344 401 403 36
852 362 895 399 s.
949 357 1257 399 Aneusrml
1301 356 1561 398 EPISCOPI

323 444 529 521 genuit.
575 444 738 502 Pater
775 442 920 501 enim
949 442 1007 500 in
1043 441 1136 500 illa
1172 442 1450 500 immensa·
1481 439 1727 521 potentia
1768 450 2047 520 potentem

324 533 637 601 Creatorem
669 532 872 609 genuit.
907 530 1075 588 Filius
1108 531 1165 589 in
1196 552 1292 590 sua
1323 529 1416 587 illa
1443 552 1472 587 a
1501 530 1663 587 Patre
1688 542 1913 610 accepta
1938 549 2048 608 po-

321 622 520 688 tentia,
558 635 620 680 ut
654 622 771 702 ipse
809 620 884 679 ait
922 642 935 677 :
981 619 1224 677 «Omnia
1253 618 1394 676 mihi
1422 617 1624 676 tradita
1653 632 1781 676 sunt
1817 640 1848 676 a
1886 619 2049 674 Patre

318 738 347 765 >³
374 710 554 783 meo1‚
582 737 608 763 >2
642 732 753 768 non
777 722 1077 768 creatorem
1109 707 1348 778 creavit,
1381 707 1472 766 sed
1502 720 1806 765 creaturam
1839 705 2049 764 consti-

320 799 442 857 tuit.
469 800 634 858 Istam
657 798 802 855 enim
825 796 1130 878 potentiam
1153 795 1429 853 admirans
1454 795 1555 853 Dei
1576 795 1754 853 Patris
1772 841 1787 867 ‚
1828 793 2049 852 dicebat

316 887 524 947 Paulus
554 910 568 944 ε
605 887 847 944 «Beatus
876 899 930 943 et
961 884 1106 943 solus
1133 897 1345 965 potens,
1369 911 1394 937 ›>
1429 885 1571 942 Nam
1595 884 1639 942 si
1661 897 1714 942 et
1740 883 1910 942 homo
1939 904 2048 964 po—

317 988 435 1034 tens
462 989 515 1034 et
547 996 706 1036 verus
726 1022 742 1047 ,
787 973 1091 1033 seeundum
1121 972 1273 1054 quod
1303 972 1371 1031 de
1411 973 1522 1030 Job
1562 972 1791 1049 legimus
1825 995 1839 1030 ι
1874 998 1900 1026 (ι
1917 973 2050 1031 Erat

318 1092 346 1119 2>
369 1066 540 1124 homo
575 1064 666 1123 ille
696 1085 854 1130 verus
878 1077 931 1122 et
943 1069 1126 1140 J'ustus
1161 1063 1260 1121 Dei
1291 1061 1505 1121 cultor2
1539 1086 1552 1120 :
1583 1090 1609 1116 »
1641 1062 1827 1121 adhuc
1867 1075 1920 1121 et
1957 1083 2048 1120 re-

317 1154 533 1230 gionem
562 1152 706 1211 illius
732 1152 1047 1211 describens
1076 1151 1243 1224 dicit,
1271 1151 1422 1232 quod
1451 1165 1583 1209 esset
1603 1164 1797 1232 potens
1824 1163 1878 1208 et
1899 1170 2048 1227 mag-

314 1263 420 1301 nus
446 1243 590 1300 inter
618 1263 804 1300 omnes
835 1263 894 1299 ex
926 1254 1084 1321 parte
1112 1241 1355 1299 Orientis
1397 1263 1410 1299 ε
1447 1240 1726 1321 quomodo
1750 1262 1877 1317 ergo
1905 1238 2049 1298 solus

312 1344 508 1412 potens
531 1332 736 1390 Pater?
766 1330 875 1388 Sed
914 1329 1091 1388 solum
1130 1329 1267 1388 dicit
1295 1330 1369 1388 ob
1397 1329 1509 1387 hoc
1527 1376 1542 1402 ,
1591 1329 1720 1409 quia
1770 1328 1954 1387 nullus
1999 1328 2049 1386 ei

314 1433 698 1500 comparatur,
740 1419 871 1498 quia
903 1417 1047 1476 solus
1083 1431 1162 1476 est
1203 1431 1372 1475 tantae
1401 1417 1831 1492 magnitudinis,
1880 1429 2047 1474 tantae

310 1507 625 1587 potestatiS,
666 1518 837 1564 tantae
865 1506 1145 1586 potentiae.
1185 1506 1315 1563 Pari
1343 1504 1510 1563 modo
1542 1518 1594 1562 et
1617 1505 1918 1586 sapientem
1955 1525 2048 1563 so·-

312 1595 427 1655 lum
454 1597 673 1654 Patrem
693 1594 962 1675 praedicat
983 1595 1178 1653 beatus
1200 1594 1404 1653 Paulus
1422 1594 1700 1674 apostolus
1729 1594 1913 1652 dicens
1937 1593 2042 1651 sic:

313 1710 340 1736 a
367 1683 481 1741 Soli
513 1683 745 1762 sapienti
775 1681 950 1742 Deo-⁹2
972 1709 998 1735 »
1036 1681 1145 1740 Sed
1178 1681 1505 1762 requirenda
1535 1695 1612 1739 est
1641 1683 1811 1754 ratio,
1849 1703 2047 1764 quem-

316 1770 618 1830 admodum
649 1769 793 1828 solus
822 1770 1033 1850 sapiens
1060 1792 1074 1827 ε
1109 1791 1221 1828 non
1254 1769 1408 1850 quod
1433 1770 1684 1828 Christus
1715 1792 1827 1829 non
1861 1770 1931 1828 sit
1957 1791 2048 1828 sa—

311 1860 486 1940 piens,
525 1859 558 1915 J
564 1880 649 1916 am
688 1857 971 1938 protulisti
1007 1858 1291 1916 Christum
1323 1859 1424 1916 Dei
1455 1859 1708 1921 virtutem
1734 1872 1788 1917 et
1820 1859 1924 1917 Dei
1957 1881 2047 1917 sa-

312 1947 579 2028 pientiam
599 1945 620 1983 t·
656 1968 670 2003 z
705 1945 957 2004 dedimus
986 1959 1038 2004 et
1063 1968 1158 2004 nos
1191 1946 1499 2005 testimonia
1520 1994 1534 2015 ‚
1575 1946 1729 2028 quod
1769 1946 1952 2005 omnia
1989 1948 2048 2005 in

313 2035 581 2116 sapientia
604 2033 908 2092 condidit5.
942 2033 1050 2092 Sed
1070 2055 1194 2093 vere
1227 2034 1370 2092 solus
1400 2035 1613 2116 sapiens
1641 2036 1820 2094 Pater.
1858 2033 2047 2092 Credi-

312 2143 437 2181 mus
462 2122 762 2203 Scripturis
787 2169 803 2194 ,
832 2135 886 2179 et
920 2143 1244 2182 veneramur
1273 2124 1418 2203 ipsas
1447 2125 1760 2204 Scripturas
1789 2122 2001 2183 divinas
2026 2145 2040 2180 ε

313 2225 367 2270 et
390 2233 566 2292 neque
589 2211 802 2291 apicem
831 2232 1004 2269 unum
1033 2212 1314 2292 praeterire
1342 2225 1597 2293 optamus
1614 2259 1629 2284 ,
1666 2213 1916 2271 timentes
1939 2231 2046 2291 pe·-

311 2300 550 2359 riculum
567 2299 719 2381 quod
742 2300 800 2357 in
821 2300 952 2381 ipsis
971 2299 1170 2360 divinis
1190 2301 1491 2382 Scripturis
1513 2315 1590 2360 est
1607 2301 1850 2382 positum
1878 2323 1892 2358 ι
1919 2299 2046 2360 «Vae

312 2415 341 2443 »
375 2388 793 2447 detrahentibus
822 2402 916 2446 aut
942 2388 1272 2448 addentibus
1290 2391 1333 2449 6.
1364 2418 1390 2444 »
1443 2390 1528 2449 Vis
1562 2391 1698 2448 scire
1733 2402 1940 2471 quanta
1967 2402 2046 2447 cst

312 2472 576 2558 sapientia
605 2477 840 2537 Patris7.
877 2479 1097 2536 Intuere
1123 2479 1324 2537 Filium
1351 2527 1365 2552 ,
1401 2492 1452 2538 et
1481 2478 1694 2538 videbis
1721 2478 2044 2560 sapientiam

310 2567 509 2626 Patris,
543 2567 612 2624 Et
640 2588 700 2624 ea
731 2565 799 2634 de
822 2587 984 2625 causa
1018 2567 1135 2647 ipse
1163 2568 1417 2627 Christus
1453 2568 1675 2626 dicebat
1714 2590 1727 2624 :
1765 2593 1788 2620 <e
1812 2566 1923 2639 Qui
1957 2587 2044 2624 me

311 2685 339 2713 >2
368 2657 510 2718 vidit
533 2704 546 2729 ‚
585 2657 725 2717 vidit
764 2671 817 2715 et
852 2659 1116 2716 Patrem8
1148 2679 1164 2708 ι
1190 2686 1217 2712 »
1258 2660 1368 2718 hoc
1398 2673 1507 2731 est,
1539 2649 1614 2716 in'
1629 2681 1716 2717 me
1747 2663 1862 2734 ejus
1892 2656 2045 2718 videt

311 2746 669 2827 sapientiam,
694 2751 809 2822 ejus
836 2746 1026 2804 laudat
1054 2747 1350 2815 virtutem3
1386 2747 1542 2806 illum
1589 2747 1861 2823 glorificat
1886 2792 1900 2818 ‚
1944 2746 2043 2827 qui

309 2856 397 2892 me
415 2847 626 2892 tantum
644 2855 707 2892 ac
721 2835 884 2892 talem
900 2835 1086 2911 genuit
1103 2848 1225 2893 ante
1241 2835 1425 2894 omnia
1443 2835 1666 2906 saecula,
1691 2854 1831 2893 unus
1844 2855 2036 2907 unum,

311 2922 456 2981 solus
482 2922 677 2982 solum.
710 2924 831 2980 Non
855 2944 1106 3004 quaerens
1136 2925 1415 2982 materiam
1433 2923 1578 2982 unde
1598 2924 1833 2997 faceret,
1861 2924 2041 2982 nonin

311 3009 508 3069 auxilio
533 3009 766 3090 aliquem
792 3011 1065 3090 accipiens
1083 3059 1098 3085 ,
1126 3011 1219 3070 sed
1238 3025 1298 3069 ut
1320 3011 1472 3073 novit
1496 3012 1612 3093 ipse
1637 3033 1734 3072 sua
1767 3014 1967 3073 virtute
1987 3025 2041 3070 et

372 3133 387 3162 ¹
411 3130 561 3175 March.
587 3145 647 3180 xx,
664 3146 737 3184 27.
755 3132 847 3163 -2
866 3134 966 3176 Job.
988 3150 1017 3184 1,
1037 3150 1145 3175 1.—
1165 3133 1183 3164 3
1205 3139 1320 3178 Rom.
1343 3149 1429 3187 xv1‚
1450 3151 1518 3187 27.
1543 3159 1600 3167 -—
1621 3133 1639 3164 ⁴
1671 3151 1687 3176 ι
1718 3139 1807 3178 Cor.
1833 3151 1864 3191 1,
1891 3134 1962 3183 24'.
1981 3157 2040 3165 —

310 3197 330 3229 ⁵
352 3199 457 3243 Psal.
491 3212 586 3248 cm,
614 3206 685 3247 24.
718 3222 774 3232 —
801 3196 820 3227 ⁶
852 3203 973 3246 Deut.
1002 3218 1062 3254 tv,
1096 3218 1136 3255 ο,
1169 3210 1210 3244 et
1229 3218 1318 3260 cap.
1346 3217 1422 3255 χιι,
1453 3207 1595 3247 32.—
1617 3202 1634 3232 ⁷
1657 3205 1771 3245 Prov.
1797 3216 1892 3255 xxx,
1924 3203 2037 3243 6.-

310 3262 331 3293 ⁸
347 3268 470 3312 Jonn,
493 3277 579 3316 xtv,
602 3278 642 3317 9.
