2144 3808
388 310 608 350 CONTRA
648 306 983 348 ΜΑΧΙΜΙΝΠΜ
1027 307 1308 364 ARIANUM,
1356 313 1465 352 LIB.
1514 315 1555 352 1.
1772 315 1846 376 79

131 404 245 463 est,
271 391 424 472 quod
451 405 504 449 et
529 411 678 448 nunc
703 389 1015 470 interpellat
1037 412 1139 471 pro
1163 390 1374 452 nobis1.
1421 395 1492 450 Et
1518 395 1844 476 sempiterna

131 480 232 538 erit
253 480 310 537 in
335 500 499 555 regno
519 477 641 536 haec
659 476 846 535 eadem
870 477 1044 536 forma
1060 478 1380 536 immortalis
1407 501 1421 536 ε
1453 495 1680 562 propter
1697 483 1848 565 quod

133 568 343 627 dictum
379 581 455 626 est
485 590 499 625 z
537 594 563 620 <‹
587 569 746 626 Tunc
781 580 833 625 et
860 567 975 648 ipse
1008 567 1177 627 Filius
1206 568 1484 644 subjectus
1523 571 1624 628 erit
1659 572 1707 628 ei
1750 573 1849 653 qui

132 680 159 708 >³
181 655 259 713 illi
285 655 515 732 subjecit
535 655 805 715 omnia2.»
831 656 969 713 Nam
992 654 1060 714 de
1083 655 1292 736 Spiritu
1318 670 1506 716 sancto
1529 658 1625 739 qui
1644 658 1851 717 nullam

131 745 368 825 suscepit
405 758 711 802 creaturam
742 742 809 802 ad
841 745 1105 803 unitatem
1133 767 1379 826 personae
1418 767 1530 804 suae
1553 793 1568 818 ,
1603 747 1853 828 quamvis

133 854 186 890 se
219 854 317 912 per
344 833 648 909 subjectam
677 846 981 891 creaturam
1020 833 1308 892 visibiliter
1338 847 1390 893 et
1418 834 1534 914 ipse
1554 881 1569 906 ,
1609 835 1719 895 sive
1754 858 1854 917 per

133 920 406 979 columbae
427 921 660 1003 speciem
676 968 690 993 ,
719 921 828 980 sive
844 943 944 1001 per
962 921 1175 998 linguas
1197 923 1379 998 igneas
1400 922 1467 980 sit
1487 923 1854 982 demonstrare

133 1007 412 1084 dignatuS,
448 1029 730 1090 nunquam
753 1008 933 1088 dictus
954 1023 1032 1068 est
1058 1031 1120 1068 eo
1150 1014 1325 1086 major
1343 1012 1533 1083 Pater,
1567 1033 1853 1092 nunquam

133 1095 313 1162 dictus
329 1111 408 1178 est
438 1097 677 1178 Spiritus
701 1095 947 1156 adorasse
977 1099 1196 1157 Patrem
1215 1144 1231 1169 ,
1263 1119 1547 1178 nunquam
1577 1098 1756 1172 dictus
1779 1113 1857 1157 est

131 1186 313 1244 minor
332 1181 509 1268 Patre.
541 1213 568 1239 »
602 1181 686 1244 Ad
710 1185 834 1244 haec
863 1199 926 1244 tu
954 1186 1112 1268 quasi
1139 1186 1471 1265 respondens
1492 1233 1506 1259 ,
1535 1209 1646 1245 non
1672 1201 1854 1246 tamen

131 1273 476 1352 respondisti.
517 1275 643 1331 Non
680 1273 827 1353 enim
857 1273 1085 1354 potuisti
1112 1272 1391 1338 ostendere
1417 1274 1628 1355 Spiritu
1667 1289 1854 1334 sancto

136 1361 343 1419 alicubi
388 1364 606 1420 Patrem
655 1361 867 1418 dictum
914 1361 1075 1420 fuisse
1127 1365 1389 1436 majorem
1406 1409 1421 1434 ,
1475 1363 1638 1421 sicuti
1686 1363 1854 1422 Filius

132 1463 363 1530 propter
379 1449 610 1508 formam
643 1449 780 1508 servi
808 1448 943 1506 dixit
971 1471 985 1506 ε
1020 1475 1045 1503 «
1073 1451 1235 1507 Pater
1260 1456 1437 1527 major
1457 1472 1543 1508 me
1569 1450 1702 1511 est-⁹³.
1727 1479 1755 1505 »
1783 1453 1855 1509 Et

134 1561 263 1599 cum
306 1562 403 1618 ego
441 1540 700 1612 dixerim,
747 1540 1018 1620 Spiritum
1049 1553 1296 1599 sanctum
1338 1564 1448 1600 non
1483 1542 1555 1605 ad
1593 1543 1858 1602 unitatem

132 1620 382 1710 personae
400 1651 512 1688 suae
540 1627 707 1687 ullam
731 1627 1024 1709 suscepisse
1047 1642 1383 1698 creaturam3
1405 1643 1466 1688 tu
1489 1631 1565 1688 ita
1590 1631 1859 1712 Spiritum
1927 1681 1929 1683 .

135 1730 384 1776 sanctum
406 1717 464 1775 in
488 1714 746 1775 columba
772 1727 825 1773 et
845 1718 968 1792 igne
997 1717 1313 1797 apparuisse
1340 1717 1550 1791 dixisti,
1577 1720 1719 1777 sicut
1752 1741 1856 1800 ap-

134 1806 319 1886 paruit
354 1805 608 1863 Christus
642 1804 700 1862 in
728 1803 954 1863 homine
983 1827 997 1862 :
1033 1806 1186 1886 quasi
1211 1805 1473 1865 columba
1506 1820 1558 1865 et
1581 1807 1818 1888 Spiritus
1838 1853 1854 1880 ,

135 1894 221 1953 vel
252 1894 389 1971 ignis
428 1907 481 1953 et
516 1893 753 1975 Spiritus
796 1915 904 1953 una
941 1916 1174 1974 persona
1214 1895 1316 1967 sit,
1355 1896 1496 1955 sicut
1531 1897 1773 1963 Verbum
1808 1910 1861 1955 et

133 1983 305 2043 homo
345 2005 452 2043 una
478 2005 711 2064 persona
756 1996 850 2042 est.
892 1983 976 2042 Ad
1007 1980 1201 2043 horam
1245 1985 1455 2067 quippe
1488 2001 1862 2088 apparuerunt

135 2072 260 2144 illa,
293 2095 418 2154 quae
441 2073 712 2154 Spiritum
738 2087 987 2132 sanctum
1014 2075 1372 2151 significando
1394 2090 1758 2136 monstrarent
1779 2078 1864 2137 vi-

136 2121 366 2223 sibiliter
388 2163 747 2234 invisibilem,
782 2146 1042 2221 columba
1062 2177 1289 2245 propter
1315 2187 1553 2223 amorem
1585 2180 1859 2238 sanctum,

135 2248 274 2327 ignis
297 2263 473 2308 autem
505 2264 732 2331 propter
760 2250 1247 2310 charitatislumen
1282 2265 1445 2333 atque
1466 2253 1777 2313 fervorem:
1813 2267 1867 2313 et

137 2352 361 2419 peracto
381 2338 788 2414 significationis
805 2338 1014 2410 offici0‚
1035 2339 1342 2420 corporales
1361 2340 1472 2399 illae
1493 2342 1696 2422 species
1719 2355 1866 2400 tran-

140 2426 376 2497 sierunt,
424 2425 585 2508 atque
625 2448 736 2485 esse
778 2426 1002 2486 ulterius
1037 2427 1392 2498 destiterunt;
1438 2429 1580 2488 sicut
1609 2429 1866 2511 columna

139 2515 304 2573 nubis
321 2562 336 2587 ,
363 2514 627 2573 nebulosa
653 2536 754 2596 per
779 2515 920 2598 diem
937 2562 951 2586 ,
985 2514 1255 2575 luminosa
1279 2539 1379 2597 per
1400 2517 1669 2578 noctem4.
1700 2519 1864 2577 Deni-

142 2625 248 2684 que
281 2625 348 2661 ne
381 2616 670 2684 putaretur
705 2603 962 2663 columba
1001 2605 1087 2665 vel
1125 2604 1348 2664 flamma
1395 2606 1465 2664 ad
1509 2607 1868 2665 substantiam

140 2692 410 2786 pertinere
446 2692 683 2773 Spiritus
729 2694 938 2765 sancti,
986 2691 1073 2753 vel
1109 2693 1261 2773 quod
1297 2715 1351 2752 se
1379 2693 1437 2752 in
1479 2693 1602 2753 haec
1632 2694 1867 2753 visibilia

143 2793 311 2839 tantae
335 2781 623 2857 majestatis
640 2794 835 2840 natura
860 2767 1224 2854 converterit,
1259 2783 1429 2842 autin
1458 2783 1722 2842 unitatem
1741 2806 1865 2866 per·

144 2890 290 2927 sonae
311 2890 424 2928 suae
447 2869 548 2946 ista
575 2871 900 2952 susceperit,
931 2892 1215 2956 nunquam
1235 2884 1424 2952 postea
1448 2872 1525 2945 sic
1553 2874 1868 2953 apparuisse

143 2956 344 3034 legitur
367 2941 602 3038 Spiritus
636 2972 868 3019 sanctus
918 2960 1172 3019 Christus
1203 2974 1413 3032 autem,
1447 2961 1544 3042 qui
1571 2961 1871 3021 humanam

146 3067 257 3104 non
284 3044 354 3109 ad
377 3045 572 3103 horam
597 3047 829 3133 sumpsit
849 3046 1116 3125 effigiem,
1147 3048 1207 3106 in
1233 3070 1343 3147 qua
1363 3048 1685 3123 hominibus
1693 3073 1873 3149 ’appa-

148 3147 325 3207 reret,
359 3156 423 3193 ac
459 3133 654 3194 deinde
685 3134 778 3194 illa
812 3137 1016 3219 species
1040 3138 1377 3220 praeteriret,
1416 3127 1548 3198 sed
1533 3160 1590 3196 in
1614 3138 1875 3198 unitatem

210 3238 222 3266 ¹
256 3241 376 3279 Rom.
397 3251 495 3293 vm,
521 3241 590 3285 34.
610 3261 663 3269 —
689 3236 709 3266 2
730 3252 746 3277 1
769 3240 862 3282 Cor.
883 3254 954 3290 xv,
976 3242 1050 3285 28.
1076 3263 1130 3273 —-
1152 3238 1171 3269 3
1187 3244 1307 3285 Joan.
1328 3256 1417 3293 mv,
1440 3244 1510 3285 28.
1526 3240 1617 3274 ——4
1637 3243 1761 3290 Exod.
1779 3257 1877 3285 xm·
