2144 3808
308 309 417 352 102
839 307 885 348 s.
938 291 1265 347 Aucusrim'
1290 304 1546 346 muscom

301 402 552 451 sanctum
571 435 588 463 ‚
612 383 686 449 et
714 387 954 448 dicentes
986 408 1159 448 unum
1198 389 1504 451 Dominum
1543 389 1721 448 Deum
1743 437 1758 463 ‚
1806 390 1898 450 cui
1936 390 2036 452 soli

303 479 648 542 serviendum
683 491 793 552 est,
826 501 939 538 non
980 499 1087 536 esse
1123 478 1226 536 nisi
1271 479 1451 537 Deum
1477 480 1722 554 Patrem,
1769 493 1821 539 et
1853 493 2037 540 tamen

301 570 465 630 etiam
494 569 696 629 Filium
724 569 906 627 Deum
925 579 980 626 et
1001 567 1303 627 Dominum
1330 569 1679 652 confitentes3
1703 570 2038 652 apertissime

300 662 439 721 duos
459 659 587 718 deos
612 672 664 718 et
693 656 944 716 dominos
959 661 1259 733 ‚majorem
1283 677 1486 730 unum,
1510 658 1778 718 minorem
1798 660 2033 738 alterum

303 750 531 809 dicitis.
564 761 618 807 et
648 766 766 806 reos
787 766 928 820 ·‚vos
973 744 1278 806 secundum
1308 767 1546 806 errorem
1577 761 1848 822 vestrum,
1885 771 2040 832 prae-

307 839 455 920 cepti
473 837 644 914 hujus
661 834 853 897 violati
883 856 992 915 esse
1005 828 1333 894 monstratis
1354 882 1369 908 ,
1408 837 1539 918 quia
1565 858 1676 896 non
1709 837 1887 897 solum
1916 858 2041 896 ma·-

302 929 441 1007 jori‚
468 927 825 988 verumetiam
863 925 1093 999 minori,
1105 947 1192 984 ea
1214 944 1340 1008 quae
1380 926 1618 987 Domino
1661 930 1777 988 Deo
1809 927 2043 987 debetur

310 1007 568 1078 servitute
588 1016 876 1078 servitutis,

404 1115 468 1165 2⁰
513 1105 626 1165 Ubi
653 1120 837 1166 autem
866 1105 1004 1165 dixit
1025 1102 1317 1186 Apostolus
1350 1128 1364 1163 z
1396 1132 1422 1160 c<
1438 1105 1554 1166 Soli
1581 1105 1814 1189 sapienti
1837 1106 1955 1165 Deo
1974 1129 1997 1176 ς
2015 1130 2044 1160 »

311 1215 442 1255 cum
468 1189 730 1255 scriberet
755 1194 825 1255 ad
848 1196 1151 1267 RomanoS‚
1175 1194 1234 1252 in
1249 1195 1359 1253 fine
1382 1191 1647 1276 Epistolae
1669 1196 1746 1255 sic
1761 1196 2041 1278 loquitur:

312 1284 420 1343 «Ei
445 1292 627 1344 autem
655 1285 754 1366 qui
773 1298 969 1366 potens
990 1293 1102 1356 est,
1134 1283 1354 1364 inquit,
1387 1297 1482 1345 Vos
1506 1285 1832 1344 confirmare
1858 1304 2050 1344 secun-

315 1399 344 1428 »
368 1368 504 1432 dum
534 1373 891 1450 Evangelium
915 1384 1131 1445 meum,
1164 1385 1219 1429 et
1250 1374 1598 1453 praeconium
1633 1374 1762 1433 Jesu
1802 1373 2047 1432 Christi·
2032 1398 2049 1442 3

317 1489 346 1518 »
374 1460 679 1521 secundum
718 1460 1106 1522 revelationem
1159 1460 1404 1541 mysterii
1452 1461 1798 1562 temporibus
1842 1460 2057 1520 aeternis

322 1577 350 1605 »
379 1550 566 1626 taciti,
603 1550 934 1609 manifestati
966 1563 1148 1609 autem
1165 1571 1316 1609 nunc
1337 1572 1436 1631 per
1455 1552 1787 1632 scripturam
1809 1551 2060 1632 Prophe-

324 1665 354 1695 >³
379 1653 595 1709 tarum;
625 1639 930 1699 secundum
955 1650 1300 1720 praeceptum
1328 1639 1520 1697 aeterni
1552 1641 1690 1714 Dei,
1722 1640 1781 1699 in
1804 1639 2061 1699 obedien-

327 1756 355 1784 »
388 1730 519 1803 tiam
543 1726 675 1788 fidei
702 1728 760 1788 in
788 1750 973 1788 omnes
988 1741 1171 1805 gentes
1192 1729 1398 1806 cogniti
1421 1754 1437 1798 ;
1462 1729 1562 1788 soli
1579 1688 1811 1811 sapienti
1826 1731 1943 1789 Deo
1964 1748 2064 1811 per

327 1846 357 1875 2>
389 1818 897 1891 Jesum-Christum
921 1818 1014 1877 cui
1042 1817 1217 1895 gloria
1261 1818 1321 1876 in
1364 1817 1565 1877 saecula
1610 1819 1940 1879 saeculorum
1954 1817 1998 1879 ².
2035 1842 2065 1872 ³>

329 1909 455 1967 Hoc
485 1914 596 1980 est,
635 1908 703 1966 Ei
739 1908 838 1989 qui
863 1921 1059 1989 potens
1083 1921 1162 1966 est
1181 1928 1278 1968 vos
1308 1909 1633 1967 confirmare
1654 1956 1669 1981 ‚
1704 1908 1807 1968 soli
1835 1907 2067 1990 sapienti

332 2000 451 2057 Deo
486 1997 656 2076 gloria
680 1999 738 2055 in
759 1998 962 2056 saecula
990 1997 1339 2057 saeculorum.
1378 1997 1547 2070 Quod
1569 2011 1753 2057 autem
1772 1997 2071 2080 interposi-

331 2101 454 2165 tum
484 2100 595 2160 est,
629 2089 785 2146 «Per
825 2087 1014 2148 Jesum
1059 2087 1428 2156 Christum3»
1471 2101 1660 2147 utrum
1701 2087 1800 2146 soli
1839 2087 2071 2169 sapienti

337 2179 455 2236 Deo
482 2198 584 2259 per
611 2177 645 2235 J
648 2198 800 2236 esum
822 2176 1110 2236 Christum
1140 2177 1321 2259 accipi
1341 2176 1538 2236 debeat
1559 2226 1574 2252 ‚
1609 2190 1672 2236 ut
1695 2178 1903 2237 scilicet
1929 2177 2073 2236 solus

322 2259 487 2325 Deus
515 2265 730 2348 sapiens
753 2288 856 2348 per
885 2268 1075 2329 Jesum
1101 2267 1387 2326 Christum
1416 2267 1628 2348 sapiens
1653 2288 1762 2326 esse
1796 2266 2075 2352 inteiliga-

342 2369 456 2430 tur‚
489 2377 601 2416 non
629 2356 1051 2439 participando,
1097 2356 1191 2416 sed
1233 2356 1504 2434 gignendo
1533 2356 1890 2438 sapientiam,
1923 2355 2075 2439 quod

343 2444 702 2505 estChristus
729 2450 877 2505 Jesus
907 2470 922 2505 z
948 2461 1018 2506 an
1049 2468 1180 2507 vero
1205 2468 1316 2505 non
1338 2468 1440 2528 per
1457 2450 1642 2506 Jesum
1674 2446 1962 2511 Christum
1987 2467 2078 2504 sa-

346 2534 550 2616 pienti,
578 2534 672 2594 sed
686 2557 786 2617 per
811 2540 999 2597 Jesum
1030 2536 1319 2596 Christum
1340 2536 1514 2613 gloria
1539 2536 1656 2594 Deo
1687 2535 1786 2593 soli
1809 2534 2075 2616 sapientia
2131 2542 2138 2552 '

347 2623 569 2684 videtur
598 2625 944 2703 ambiguum.
1001 2625 1111 2685 Sed
1155 2627 1279 2708 quis
1317 2625 1514 2697 audeat
1542 2623 1722 2682 dicere
1750 2646 1862 2705 ‚per
1897 2629 2082 2682 Jesum

353 2712 642 2772 Christum
665 2714 781 2774 fieri
796 2761 812 2787 ,
837 2727 900 2774 ut
915 2715 983 2774 sit
1000 2716 1212 2796 sapiens
1237 2714 1384 2772 Deus
1404 2715 1568 2772 Pater
1588 2737 1603 2781 ;
1632 2733 1760 2771 cum
1778 2711 2082 2772 secundum

353 2801 716 2861 substantiam
743 2822 899 2863 suam
925 2825 1039 2862 non
1062 2802 1437 2862 dubitandum
1468 2802 1536 2861 sit
1569 2815 1695 2860 eum
1723 2823 1830 2861 esse
1861 2800 2082 2882 sapien-

358 2904 486 2964 tem,
512 2892 805 2974 potiusque
820 2893 890 2952 sit
912 2892 1216 2952 substantia
1238 2891 1360 2960 Filii
1380 2913 1480 2973 per
1504 2892 1814 2969 gignentem
1834 2892 2080 2963 Patrem,

355 2999 522 3060 quam
543 2979 849 3040 substantia
878 2982 1059 3041 Patris
1086 3000 1188 3063 per
1207 2982 1451 3059 genitum
1483 2983 1524 3038 F
1527 2981 1719 3040 ilium?
1749 2983 1938 3040 Restat
1960 3000 2086 3055 ergo

356 3080 420 3126 ut
447 3066 547 3126 soli
569 3067 800 3148 sapienti
814 3071 939 3128 ‘Deo
965 3069 1134 3150 gloria
1157 3071 1226 3129 sit
1247 3092 1346 3152 per
1379 3075 1562 3129 Jesum
1603 3070 1887 3128 Christum
1913 3116 1926 3140 ‚
1979 3067 2086 3126 hoc

360 3168 438 3215 est
452 3178 473 3229 ,·
496 3154 645 3214 clara
664 3177 794 3216 cum
814 3157 977 3219 laude
993 3160 1189 3219 notitia
1216 3206 1231 3233 ,
1261 3181 1370 3241 qua
1398 3160 1641 3220 innotuit
1666 3159 1917 3236 gentibus
1944 3159 2088 3216 Deus

423 3259 438 3290 ¹
457 3263 574 3302 Rom.
596 3274 682 3314 xvr,
705 3264 855 3314 25-27.
