<?xml version="1.0" encoding="UTF-8"?>
<!DOCTYPE html PUBLIC "-//W3C//DTD XHTML 1.0 Transitional//EN"
    "http://www.w3.org/TR/xhtml1/DTD/xhtml1-transitional.dtd">
<html xmlns="http://www.w3.org/1999/xhtml" xml:lang="en" lang="en">
 <head>
  <title>
</title>
<meta http-equiv="Content-Type" content="text/html;charset=utf-8" />
  <meta name='ocr-system' content='tesseract 3.04.00' />
  <meta name='ocr-capabilities' content='ocr_page ocr_carea ocr_par ocr_line ocrx_word'/>
</head>
<body>
  <div class='ocr_page' id='page_1' title='image "./operaomniaaccura30auguuoft_0192.png"; bbox 0 0 2144 3808; ppageno 0'>
   <div class='ocr_carea' id='block_1_1' title="bbox 301 310 1525 374">
    <p class='ocr_par' dir='ltr' id='par_1_1' title="bbox 301 310 1525 374">
     <span class='ocr_line' id='line_1_1' title="bbox 301 310 1525 374; baseline 0.002 -6"><span class='ocrx_word' id='word_1_1' title='bbox 301 310 409 369; x_wconf 76' lang='lat'><strong>182</strong></span> <span class='ocrx_word' id='word_1_2' title='bbox 820 329 866 368; x_wconf 89' lang='lat' dir='ltr'><strong>s.</strong></span> <span class='ocrx_word' id='word_1_3' title='bbox 918 323 1241 369; x_wconf 76' lang='grc'><strong>1111611511111·</strong></span> <span class='ocrx_word' id='word_1_4' title='bbox 1268 328 1525 374; x_wconf 79' lang='lat' dir='ltr'>EPISCOPI</span> 
     </span>
    </p>
   </div>
   <div class='ocr_carea' id='block_1_2' title="bbox 290 409 2119 3320">
    <p class='ocr_par' dir='ltr' id='par_1_2' title="bbox 290 409 2119 2534">
     <span class='ocr_line' id='line_1_2' title="bbox 293 409 2031 499; baseline 0.001 -30"><span class='ocrx_word' id='word_1_5' title='bbox 293 424 474 492; x_wconf 76' lang='lat' dir='ltr'><strong>turam</strong></span> <span class='ocrx_word' id='word_1_6' title='bbox 467 456 498 485; x_wconf 45' lang='lat'><strong>„‚</strong></span> <span class='ocrx_word' id='word_1_7' title='bbox 523 430 649 499; x_wconf 84' lang='lat' dir='ltr'><strong>quae</strong></span> <span class='ocrx_word' id='word_1_8' title='bbox 663 409 915 492; x_wconf 81' lang='lat' dir='ltr'><strong>profecto</strong></span> <span class='ocrx_word' id='word_1_9' title='bbox 931 410 1211 480; x_wconf 85' lang='lat' dir='ltr'><strong>mutabilis</strong></span> <span class='ocrx_word' id='word_1_10' title='bbox 1226 423 1326 483; x_wconf 83' lang='lat' dir='ltr'><strong>est,</strong></span> <span class='ocrx_word' id='word_1_11' title='bbox 1345 411 1597 470; x_wconf 88' lang='lat' dir='ltr'><strong>nituntur</strong></span> <span class='ocrx_word' id='word_1_12' title='bbox 1613 410 2031 490; x_wconf 50' lang='lat' dir='ltr'><strong>transcendere„</strong></span> 
     </span>
     <span class='ocr_line' id='line_1_3' title="bbox 294 494 2036 585; baseline 0 -27"><span class='ocrx_word' id='word_1_13' title='bbox 294 509 359 574; x_wconf 56' lang='lat' dir='ltr'><strong>u}</strong></span> <span class='ocrx_word' id='word_1_14' title='bbox 379 498 451 571; x_wconf 74' lang='lat' dir='ltr'><strong>ad</strong></span> <span class='ocrx_word' id='word_1_15' title='bbox 464 498 979 582; x_wconf 71' lang='lat' dir='ltr'><strong>incommutabilem</strong></span> <span class='ocrx_word' id='word_1_16' title='bbox 998 499 1358 585; x_wconf 83' lang='lat' dir='ltr'><strong>substantiam</strong></span> <span class='ocrx_word' id='word_1_17' title='bbox 1372 521 1500 580; x_wconf 86' lang='lat' dir='ltr'><strong>quae</strong></span> <span class='ocrx_word' id='word_1_18' title='bbox 1511 504 1661 577; x_wconf 90' lang='lat' dir='ltr'><strong>Deus</strong></span> <span class='ocrx_word' id='word_1_19' title='bbox 1678 513 1785 580; x_wconf 71' lang='lat' dir='ltr'><strong>est,</strong></span> <span class='ocrx_word' id='word_1_20' title='bbox 1811 494 2036 582; x_wconf 33' lang='lat' dir='ltr'><strong>t-.†1“igtan12&#39;‘²</strong></span> 
     </span>
     <span class='ocr_line' id='line_1_4' title="bbox 293 583 2033 669; baseline 0 -22"><span class='ocrx_word' id='word_1_21' title='bbox 293 587 689 657; x_wconf 69' lang='lat' dir='ltr'><strong>intentionem3</strong></span> <span class='ocrx_word' id='word_1_22' title='bbox 723 587 816 646; x_wconf 88' lang='lat' dir='ltr'><strong>sed</strong></span> <span class='ocrx_word' id='word_1_23' title='bbox 840 583 1200 647; x_wconf 40' lang='lat' dir='ltr'><strong>mortalitatis*</strong></span> <span class='ocrx_word' id='word_1_24' title='bbox 1214 609 1376 646; x_wconf 90' lang='lat' dir='ltr'><strong>onere</strong></span> <span class='ocrx_word' id='word_1_25' title='bbox 1402 590 1764 669; x_wconf 84' lang='lat' dir='ltr'><strong>praegravati,</strong></span> <span class='ocrx_word' id='word_1_26' title='bbox 1797 611 1926 647; x_wconf 90' lang='lat' dir='ltr'><strong>cum</strong></span> <span class='ocrx_word' id='word_1_27' title='bbox 1968 602 2033 647; x_wconf 49' lang='lat' dir='ltr'><strong>et*</strong></span> 
     </span>
     <span class='ocr_line' id='line_1_5' title="bbox 295 675 2023 761; baseline -0.001 -24"><span class='ocrx_word' id='word_1_28' title='bbox 295 676 472 737; x_wconf 88' lang='lat' dir='ltr'><strong>videri</strong></span> <span class='ocrx_word' id='word_1_29' title='bbox 500 676 697 736; x_wconf 89' lang='lat' dir='ltr'><strong>volunt</strong></span> <span class='ocrx_word' id='word_1_30' title='bbox 731 677 868 736; x_wconf 88' lang='lat' dir='ltr'><strong>scire</strong></span> <span class='ocrx_word' id='word_1_31' title='bbox 896 675 1050 759; x_wconf 84' lang='lat' dir='ltr'><strong>quod</strong></span> <span class='ocrx_word' id='word_1_32' title='bbox 1077 678 1330 737; x_wconf 87' lang='lat' dir='ltr'><strong>nesciunt</strong></span> <span class='ocrx_word' id='word_1_33' title='bbox 1349 724 1364 749; x_wconf 95' lang='lat'>,</span> <span class='ocrx_word' id='word_1_34' title='bbox 1401 691 1455 736; x_wconf 88' lang='lat' dir='ltr'><strong>et</strong></span> <span class='ocrx_word' id='word_1_35' title='bbox 1489 677 1645 761; x_wconf 79' lang='lat' dir='ltr'><strong>quod</strong></span> <span class='ocrx_word' id='word_1_36' title='bbox 1672 678 1868 738; x_wconf 85' lang='lat' dir='ltr'><strong>volunt</strong></span> <span class='ocrx_word' id='word_1_37' title='bbox 1889 679 2023 759; x_wconf 75' lang='lat' dir='ltr'><strong>scire</strong></span> 
     </span>
     <span class='ocr_line' id='line_1_6' title="bbox 299 763 2027 848; baseline 0 -24"><span class='ocrx_word' id='word_1_38' title='bbox 299 786 413 824; x_wconf 92' lang='lat' dir='ltr'><strong>non</strong></span> <span class='ocrx_word' id='word_1_39' title='bbox 426 777 677 845; x_wconf 80' lang='lat' dir='ltr'><strong>possunt,</strong></span> <span class='ocrx_word' id='word_1_40' title='bbox 702 764 1162 847; x_wconf 86' lang='lat' dir='ltr'><strong>praesumptiones</strong></span> <span class='ocrx_word' id='word_1_41' title='bbox 1185 765 1506 848; x_wconf 88' lang='lat' dir='ltr'>opinionum</span> <span class='ocrx_word' id='word_1_42' title='bbox 1523 763 1745 824; x_wconf 90' lang='lat' dir='ltr'><strong>suarum</strong></span> <span class='ocrx_word' id='word_1_43' title='bbox 1767 765 2027 824; x_wconf 85' lang='lat' dir='ltr'><strong>audacius</strong></span> 
     </span>
     <span class='ocr_line' id='line_1_7' title="bbox 298 852 2119 933; baseline 0 -21"><span class='ocrx_word' id='word_1_44' title='bbox 298 852 622 913; x_wconf 86' lang='lat' dir='ltr'><strong>affirmando</strong></span> <span class='ocrx_word' id='word_1_45' title='bbox 637 901 653 927; x_wconf 91' lang='lat'><strong>,</strong></span> <span class='ocrx_word' id='word_1_46' title='bbox 676 853 1058 915; x_wconf 88' lang='lat' dir='ltr'><strong>intercludunt</strong></span> <span class='ocrx_word' id='word_1_47' title='bbox 1072 855 1671 933; x_wconf 85' lang='lat' dir='ltr'><strong>sibimetintelligentiae</strong></span> <span class='ocrx_word' id='word_1_48' title='bbox 1684 855 1800 914; x_wconf 89' lang='lat' dir='ltr'><strong>vias</strong></span> <span class='ocrx_word' id='word_1_49' title='bbox 1818 902 1832 928; x_wconf 86' lang='lat'><strong>,</strong></span> <span class='ocrx_word' id='word_1_50' title='bbox 1856 855 2027 931; x_wconf 86' lang='lat' dir='ltr'><strong>magis</strong></span> <span class='ocrx_word' id='word_1_51' title='bbox 2109 863 2119 873; x_wconf 85' lang='lat'>’</span> 
     </span>
     <span class='ocr_line' id='line_1_8' title="bbox 298 942 2031 1026; baseline 0 -25"><span class='ocrx_word' id='word_1_52' title='bbox 298 942 552 1019; x_wconf 84' lang='lat' dir='ltr'><strong>eligentes</strong></span> <span class='ocrx_word' id='word_1_53' title='bbox 567 943 890 1005; x_wconf 83' lang='lat' dir='ltr'><strong>sententiam</strong></span> <span class='ocrx_word' id='word_1_54' title='bbox 905 965 1060 1005; x_wconf 88' lang='lat' dir='ltr'><strong>suam</strong></span> <span class='ocrx_word' id='word_1_55' title='bbox 1072 967 1186 1004; x_wconf 91' lang='lat' dir='ltr'><strong>non</strong></span> <span class='ocrx_word' id='word_1_56' title='bbox 1206 945 1474 1022; x_wconf 80' lang='lat' dir='ltr'><strong>eorrigere</strong></span> <span class='ocrx_word' id='word_1_57' title='bbox 1492 965 1803 1026; x_wconf 83' lang='lat' dir='ltr'><strong>perversam</strong></span> <span class='ocrx_word' id='word_1_58' title='bbox 1822 991 1836 1015; x_wconf 89' lang='lat'>‚</span> <span class='ocrx_word' id='word_1_59' title='bbox 1862 965 2031 1025; x_wconf 88' lang='lat' dir='ltr'><strong>quam</strong></span> 
     </span>
     <span class='ocr_line' id='line_1_9' title="bbox 300 1028 2033 1114; baseline 0.001 -27"><span class='ocrx_word' id='word_1_60' title='bbox 300 1043 515 1088; x_wconf 87' lang='lat' dir='ltr'><strong>mutare</strong></span> <span class='ocrx_word' id='word_1_61' title='bbox 545 1028 839 1092; x_wconf 85' lang='lat' dir='ltr'><strong>defensam.</strong></span> <span class='ocrx_word' id='word_1_62' title='bbox 893 1033 966 1091; x_wconf 92' lang='lat' dir='ltr'><strong>Et</strong></span> <span class='ocrx_word' id='word_1_63' title='bbox 1008 1032 1105 1092; x_wconf 79' lang='lat' dir='ltr'><strong>hic</strong></span> <span class='ocrx_word' id='word_1_64' title='bbox 1146 1032 1371 1114; x_wconf 90' lang='lat' dir='ltr'><strong>quidem</strong></span> <span class='ocrx_word' id='word_1_65' title='bbox 1408 1033 1658 1091; x_wconf 90' lang='lat' dir='ltr'><strong>omnium</strong></span> <span class='ocrx_word' id='word_1_66' title='bbox 1688 1031 1914 1091; x_wconf 85' lang='lat' dir='ltr'>morbus</span> <span class='ocrx_word' id='word_1_67' title='bbox 1955 1043 2033 1089; x_wconf 91' lang='lat' dir='ltr'><strong>est</strong></span> 
     </span>
     <span class='ocr_line' id='line_1_10' title="bbox 301 1119 2032 1207; baseline 0.001 -30"><span class='ocrx_word' id='word_1_68' title='bbox 301 1119 471 1177; x_wconf 87' lang='lat' dir='ltr'><strong>trium</strong></span> <span class='ocrx_word' id='word_1_69' title='bbox 499 1140 759 1199; x_wconf 84' lang='lat' dir='ltr'><strong>generum</strong></span> <span class='ocrx_word' id='word_1_70' title='bbox 796 1141 926 1204; x_wconf 86' lang='lat' dir='ltr'><strong>quae</strong></span> <span class='ocrx_word' id='word_1_71' title='bbox 947 1123 1255 1207; x_wconf 84' lang='lat' dir='ltr'><strong>proposui3</strong></span> <span class='ocrx_word' id='word_1_72' title='bbox 1283 1136 1336 1180; x_wconf 91' lang='lat' dir='ltr'><strong>et</strong></span> <span class='ocrx_word' id='word_1_73' title='bbox 1359 1143 1550 1187; x_wconf 86' lang='lat' dir='ltr'><strong>eorum</strong></span> <span class='ocrx_word' id='word_1_74' title='bbox 1581 1121 1789 1180; x_wconf 88' lang='lat' dir='ltr'><strong>scilicet</strong></span> <span class='ocrx_word' id='word_1_75' title='bbox 1820 1121 1918 1202; x_wconf 89' lang='lat' dir='ltr'><strong>qui</strong></span> <span class='ocrx_word' id='word_1_76' title='bbox 1945 1142 2032 1178; x_wconf 91' lang='lat' dir='ltr'><strong>se-</strong></span> 
     </span>
     <span class='ocr_line' id='line_1_11' title="bbox 303 1206 2034 1292; baseline 0 -26"><span class='ocrx_word' id='word_1_77' title='bbox 303 1206 553 1267; x_wconf 90' lang='lat' dir='ltr'><strong>cundum</strong></span> <span class='ocrx_word' id='word_1_78' title='bbox 580 1229 782 1290; x_wconf 89' lang='lat' dir='ltr'><strong>corpus</strong></span> <span class='ocrx_word' id='word_1_79' title='bbox 809 1208 878 1268; x_wconf 89' lang='lat' dir='ltr'><strong>de</strong></span> <span class='ocrx_word' id='word_1_80' title='bbox 903 1210 1020 1269; x_wconf 91' lang='lat' dir='ltr'><strong>Deo</strong></span> <span class='ocrx_word' id='word_1_81' title='bbox 1045 1207 1296 1292; x_wconf 82' lang='lat' dir='ltr'><strong>sapiunt,</strong></span> <span class='ocrx_word' id='word_1_82' title='bbox 1326 1217 1379 1269; x_wconf 84' lang='grc'><strong>’61</strong></span> <span class='ocrx_word' id='word_1_83' title='bbox 1403 1232 1592 1268; x_wconf 83' lang='grc'><strong>66111111</strong></span> <span class='ocrx_word' id='word_1_84' title='bbox 1612 1209 1710 1290; x_wconf 90' lang='lat' dir='ltr'><strong>qui</strong></span> <span class='ocrx_word' id='word_1_85' title='bbox 1731 1208 2034 1268; x_wconf 86' lang='lat' dir='ltr'><strong>secundum</strong></span> 
     </span>
     <span class='ocr_line' id='line_1_12' title="bbox 303 1294 2047 1377; baseline 0 -24"><span class='ocrx_word' id='word_1_86' title='bbox 303 1294 605 1377; x_wconf 86' lang='lat' dir='ltr'><strong>spiritalem</strong></span> <span class='ocrx_word' id='word_1_87' title='bbox 631 1309 938 1370; x_wconf 86' lang='lat' dir='ltr'><strong>creaturam</strong></span> <span class='ocrx_word' id='word_1_88' title='bbox 953 1343 970 1370; x_wconf 85' lang='lat'>,</span> <span class='ocrx_word' id='word_1_89' title='bbox 1003 1298 1166 1357; x_wconf 90' lang='lat' dir='ltr'><strong>sicuti</strong></span> <span class='ocrx_word' id='word_1_90' title='bbox 1193 1311 1273 1356; x_wconf 87' lang='lat' dir='ltr'><strong>est</strong></span> <span class='ocrx_word' id='word_1_91' title='bbox 1297 1298 1511 1369; x_wconf 75' lang='lat' dir='ltr'><strong>anima,</strong></span> <span class='ocrx_word' id='word_1_92' title='bbox 1535 1310 1589 1355; x_wconf 90' lang='lat' dir='ltr'><strong>et</strong></span> <span class='ocrx_word' id='word_1_93' title='bbox 1615 1317 1803 1363; x_wconf 86' lang='lat' dir='ltr'><strong>eorum</strong></span> <span class='ocrx_word' id='word_1_94' title='bbox 1826 1297 1925 1377; x_wconf 91' lang='lat' dir='ltr'><strong>qui</strong></span> <span class='ocrx_word' id='word_1_95' title='bbox 1944 1317 2047 1369; x_wconf 44' lang='lat' dir='ltr'><strong>nef</strong></span> 
     </span>
     <span class='ocr_line' id='line_1_13' title="bbox 290 1382 2036 1466; baseline 0.001 -25"><span class='ocrx_word' id='word_1_96' title='bbox 290 1382 414 1465; x_wconf 59' lang='lat' dir='ltr'><strong>&#39;que</strong></span> <span class='ocrx_word' id='word_1_97' title='bbox 440 1383 744 1443; x_wconf 86' lang='lat' dir='ltr'><strong>secundum</strong></span> <span class='ocrx_word' id='word_1_98' title='bbox 767 1405 970 1465; x_wconf 88' lang='lat' dir='ltr'><strong>corpus</strong></span> <span class='ocrx_word' id='word_1_99' title='bbox 989 1432 1003 1457; x_wconf 86' lang='lat'>,</span> <span class='ocrx_word' id='word_1_100' title='bbox 1031 1407 1209 1466; x_wconf 90' lang='lat' dir='ltr'><strong>neque</strong></span> <span class='ocrx_word' id='word_1_101' title='bbox 1235 1385 1536 1444; x_wconf 90' lang='lat' dir='ltr'><strong>secundum</strong></span> <span class='ocrx_word' id='word_1_102' title='bbox 1561 1384 1861 1466; x_wconf 84' lang='lat' dir='ltr'><strong>spiritalem</strong></span> <span class='ocrx_word' id='word_1_103' title='bbox 1889 1406 2036 1443; x_wconf 90' lang='lat' dir='ltr'><strong>crea-</strong></span> 
     </span>
     <span class='ocr_line' id='line_1_14' title="bbox 307 1472 2037 1546; baseline 0.001 -17"><span class='ocrx_word' id='word_1_104' title='bbox 307 1483 494 1530; x_wconf 88' lang='lat' dir='ltr'><strong>turam</strong></span> <span class='ocrx_word' id='word_1_105' title='bbox 511 1518 527 1541; x_wconf 87' lang='lat'><strong>,</strong></span> <span class='ocrx_word' id='word_1_106' title='bbox 544 1478 606 1530; x_wconf 75' lang='lat' dir='ltr'><strong>¹&#39;et</strong></span> <span class='ocrx_word' id='word_1_107' title='bbox 632 1484 815 1531; x_wconf 89' lang='lat' dir='ltr'><strong>tamen</strong></span> <span class='ocrx_word' id='word_1_108' title='bbox 844 1472 913 1531; x_wconf 90' lang='lat' dir='ltr'><strong>de</strong></span> <span class='ocrx_word' id='word_1_109' title='bbox 941 1473 1058 1532; x_wconf 89' lang='lat' dir='ltr'><strong>Deo</strong></span> <span class='ocrx_word' id='word_1_110' title='bbox 1086 1473 1220 1533; x_wconf 86' lang='lat' dir='ltr'><strong>falsa</strong></span> <span class='ocrx_word' id='word_1_111' title='bbox 1243 1474 1573 1546; x_wconf 83' lang='lat' dir='ltr'><strong>existimant,</strong></span> <span class='ocrx_word' id='word_1_112' title='bbox 1597 1495 1660 1532; x_wconf 93' lang='lat' dir='ltr'><strong>eo</strong></span> <span class='ocrx_word' id='word_1_113' title='bbox 1677 1473 1988 1531; x_wconf 79' lang='lat' dir='ltr'><strong>remotiores</strong></span> <span class='ocrx_word' id='word_1_114' title='bbox 2006 1494 2037 1530; x_wconf 86' lang='lat' dir='ltr'><strong>a</strong></span> 
     </span>
     <span class='ocr_line' id='line_1_15' title="bbox 304 1560 2037 1644; baseline 0 -24"><span class='ocrx_word' id='word_1_115' title='bbox 304 1581 434 1621; x_wconf 88' lang='lat' dir='ltr'><strong>vero</strong></span> <span class='ocrx_word' id='word_1_116' title='bbox 447 1607 463 1633; x_wconf 88' lang='lat'><strong>,</strong></span> <span class='ocrx_word' id='word_1_117' title='bbox 489 1582 602 1642; x_wconf 92' lang='lat' dir='ltr'><strong>quo</strong></span> <span class='ocrx_word' id='word_1_118' title='bbox 621 1560 680 1620; x_wconf 91' lang='lat' dir='ltr'><strong>id</strong></span> <span class='ocrx_word' id='word_1_119' title='bbox 693 1561 846 1643; x_wconf 89' lang='lat' dir='ltr'><strong>quod</strong></span> <span class='ocrx_word' id='word_1_120' title='bbox 860 1563 1082 1644; x_wconf 90' lang='lat' dir='ltr'><strong>sapiunt</strong></span> <span class='ocrx_word' id='word_1_121' title='bbox 1096 1610 1112 1636; x_wconf 86' lang='lat'>‚</span> <span class='ocrx_word' id='word_1_122' title='bbox 1138 1564 1317 1622; x_wconf 89' lang='lat' dir='ltr'><strong>necin</strong></span> <span class='ocrx_word' id='word_1_123' title='bbox 1337 1584 1567 1644; x_wconf 89' lang='lat' dir='ltr'><strong>corpore</strong></span> <span class='ocrx_word' id='word_1_124' title='bbox 1582 1563 1851 1643; x_wconf 85' lang='lat' dir='ltr'><strong>reperitur</strong></span> <span class='ocrx_word' id='word_1_125' title='bbox 1863 1563 2037 1620; x_wconf 87' lang='lat' dir='ltr'><strong>necin</strong></span> 
     </span>
     <span class='ocr_line' id='line_1_16' title="bbox 307 1643 2049 1736; baseline 0.001 -28"><span class='ocrx_word' id='word_1_126' title='bbox 307 1647 455 1724; x_wconf 76' lang='lat' dir='ltr'><strong>facto</strong></span> <span class='ocrx_word' id='word_1_127' title='bbox 485 1661 546 1727; x_wconf 37' lang='lat' dir='ltr'><strong>etl</strong></span> <span class='ocrx_word' id='word_1_128' title='bbox 564 1648 791 1719; x_wconf 82' lang='lat' dir='ltr'><strong>condito</strong></span> <span class='ocrx_word' id='word_1_129' title='bbox 819 1650 1018 1732; x_wconf 83' lang='lat' dir='ltr'><strong>spiritu</strong></span> <span class='ocrx_word' id='word_1_130' title='bbox 1039 1697 1055 1724; x_wconf 83' lang='grc'>,</span> <span class='ocrx_word' id='word_1_131' title='bbox 1087 1672 1189 1710; x_wconf 85' lang='grc'><strong>1166</strong></span> <span class='ocrx_word' id='word_1_132' title='bbox 1215 1651 1275 1710; x_wconf 85' lang='grc'><strong>111</strong></span> <span class='ocrx_word' id='word_1_133' title='bbox 1301 1651 1728 1736; x_wconf 80' lang='lat' dir='ltr'><strong>ipso.Creatore.</strong></span> <span class='ocrx_word' id='word_1_134' title='bbox 1755 1643 1871 1723; x_wconf 49' lang='lat' dir='ltr'><strong>Quis</strong></span> <span class='ocrx_word' id='word_1_135' title='bbox 1891 1651 2049 1734; x_wconf 64' lang='lat' dir='ltr'><strong>enim</strong></span> 
     </span>
     <span class='ocr_line' id='line_1_17' title="bbox 310 1739 2033 1819; baseline -0.002 -17"><span class='ocrx_word' id='word_1_136' title='bbox 310 1739 572 1819; x_wconf 57' lang='lat' dir='ltr'><strong>opinatur</strong></span> <span class='ocrx_word' id='word_1_137' title='bbox 605 1740 784 1808; x_wconf 85' lang='lat' dir='ltr'><strong>Deum</strong></span> <span class='ocrx_word' id='word_1_138' title='bbox 803 1785 820 1811; x_wconf 90' lang='lat'><strong>,</strong></span> <span class='ocrx_word' id='word_1_139' title='bbox 860 1740 1017 1806; x_wconf 76' lang='lat' dir='ltr'><strong>verbi</strong></span> <span class='ocrx_word' id='word_1_140' title='bbox 1056 1740 1231 1817; x_wconf 88' lang='lat' dir='ltr'><strong>gratia</strong></span> <span class='ocrx_word' id='word_1_141' title='bbox 1248 1786 1264 1813; x_wconf 86' lang='lat'>‚</span> <span class='ocrx_word' id='word_1_142' title='bbox 1309 1739 1613 1799; x_wconf 88' lang='lat' dir='ltr'><strong>candidum</strong></span> <span class='ocrx_word' id='word_1_143' title='bbox 1636 1739 1740 1800; x_wconf 81' lang='lat' dir='ltr'><strong>-vel</strong></span> <span class='ocrx_word' id='word_1_144' title='bbox 1768 1739 1996 1798; x_wconf 80' lang='lat' dir='ltr'><strong>rutilum</strong></span> <span class='ocrx_word' id='word_1_145' title='bbox 2018 1785 2033 1810; x_wconf 87' lang='lat'>‚</span> 
     </span>
     <span class='ocr_line' id='line_1_18' title="bbox 311 1823 2040 1914; baseline 0.001 -29"><span class='ocrx_word' id='word_1_146' title='bbox 311 1826 522 1914; x_wconf 82' lang='lat' dir='ltr'><strong>fallitur</strong></span> <span class='ocrx_word' id='word_1_147' title='bbox 546 1852 563 1897; x_wconf 93' lang='lat'>;</span> <span class='ocrx_word' id='word_1_148' title='bbox 602 1827 697 1887; x_wconf 90' lang='lat' dir='ltr'><strong>sed</strong></span> <span class='ocrx_word' id='word_1_149' title='bbox 721 1841 905 1888; x_wconf 89' lang='lat' dir='ltr'><strong>tamen</strong></span> <span class='ocrx_word' id='word_1_150' title='bbox 933 1829 1062 1888; x_wconf 83' lang='lat' dir='ltr'><strong>haec</strong></span> <span class='ocrx_word' id='word_1_151' title='bbox 1084 1829 1445 1890; x_wconf 88' lang='lat' dir='ltr'><strong>inveniuntur</strong></span> <span class='ocrx_word' id='word_1_152' title='bbox 1465 1829 1525 1888; x_wconf 92' lang='lat' dir='ltr'><strong>in</strong></span> <span class='ocrx_word' id='word_1_153' title='bbox 1550 1849 1799 1909; x_wconf 82' lang='lat' dir='ltr'><strong>corpore.</strong></span> <span class='ocrx_word' id='word_1_154' title='bbox 1828 1823 2040 1887; x_wconf 77' lang='lat' dir='ltr'><strong>Rursus</strong></span> 
     </span>
     <span class='ocr_line' id='line_1_19' title="bbox 313 1915 2042 1998; baseline 0 -23"><span class='ocrx_word' id='word_1_155' title='bbox 313 1915 412 1998; x_wconf 88' lang='lat' dir='ltr'><strong>qui</strong></span> <span class='ocrx_word' id='word_1_156' title='bbox 438 1916 699 1998; x_wconf 87' lang='lat' dir='ltr'><strong>opinatur</strong></span> <span class='ocrx_word' id='word_1_157' title='bbox 726 1919 907 1976; x_wconf 90' lang='lat' dir='ltr'><strong>Deum</strong></span> <span class='ocrx_word' id='word_1_158' title='bbox 926 1938 1076 1976; x_wconf 92' lang='lat' dir='ltr'><strong>nunc</strong></span> <span class='ocrx_word' id='word_1_159' title='bbox 1104 1916 1549 1988; x_wconf 72' lang='lat' dir='ltr'><strong>obliviscentem3</strong></span> <span class='ocrx_word' id='word_1_160' title='bbox 1576 1937 1726 1975; x_wconf 92' lang='lat' dir='ltr'><strong>nunc</strong></span> <span class='ocrx_word' id='word_1_161' title='bbox 1749 1916 2042 1975; x_wconf 81' lang='lat' dir='ltr'><strong>recordan-</strong></span> 
     </span>
     <span class='ocr_line' id='line_1_20' title="bbox 312 2003 2042 2086; baseline 0 -22"><span class='ocrx_word' id='word_1_162' title='bbox 312 2006 456 2077; x_wconf 71' lang='lat' dir='ltr'><strong>tem,</strong></span> <span class='ocrx_word' id='word_1_163' title='bbox 491 2003 579 2064; x_wconf 88' lang='lat' dir='ltr'><strong>vel</strong></span> <span class='ocrx_word' id='word_1_164' title='bbox 609 2004 655 2064; x_wconf 88' lang='lat' dir='ltr'><strong>si</strong></span> <span class='ocrx_word' id='word_1_165' title='bbox 684 2004 824 2086; x_wconf 86' lang='lat' dir='ltr'><strong>quid</strong></span> <span class='ocrx_word' id='word_1_166' title='bbox 849 2004 1175 2081; x_wconf 84' lang='lat' dir='ltr'><strong>hujusmodi</strong></span> <span class='ocrx_word' id='word_1_167' title='bbox 1215 2019 1295 2064; x_wconf 89' lang='lat' dir='ltr'><strong>est</strong></span> <span class='ocrx_word' id='word_1_168' title='bbox 1317 2052 1334 2079; x_wconf 82' lang='lat'>‚</span> <span class='ocrx_word' id='word_1_169' title='bbox 1378 2004 1743 2064; x_wconf 87' lang='lat' dir='ltr'><strong>nihilominus</strong></span> <span class='ocrx_word' id='word_1_170' title='bbox 1776 2005 1836 2063; x_wconf 92' lang='lat' dir='ltr'><strong>in</strong></span> <span class='ocrx_word' id='word_1_171' title='bbox 1863 2026 2042 2064; x_wconf 89' lang='lat' dir='ltr'><strong>err-ore</strong></span> 
     </span>
     <span class='ocr_line' id='line_1_21' title="bbox 313 2093 2048 2168; baseline 0.001 -16"><span class='ocrx_word' id='word_1_172' title='bbox 313 2106 427 2168; x_wconf 77' lang='lat' dir='ltr'><strong>est3</strong></span> <span class='ocrx_word' id='word_1_173' title='bbox 458 2093 552 2157; x_wconf 85' lang='lat' dir='ltr'><strong>sed</strong></span> <span class='ocrx_word' id='word_1_174' title='bbox 579 2107 763 2154; x_wconf 83' lang='lat' dir='ltr'><strong>tamen</strong></span> <span class='ocrx_word' id='word_1_175' title='bbox 796 2094 930 2154; x_wconf 84' lang='lat' dir='ltr'><strong>haec</strong></span> <span class='ocrx_word' id='word_1_176' title='bbox 951 2095 1309 2156; x_wconf 86' lang='lat' dir='ltr'><strong>inveniuntur</strong></span> <span class='ocrx_word' id='word_1_177' title='bbox 1348 2096 1410 2154; x_wconf 90' lang='lat' dir='ltr'><strong>in</strong></span> <span class='ocrx_word' id='word_1_178' title='bbox 1458 2094 1657 2153; x_wconf 89' lang='lat' dir='ltr'><strong>animo.</strong></span> <span class='ocrx_word' id='word_1_179' title='bbox 1712 2094 1824 2167; x_wconf 90' lang='lat' dir='ltr'><strong>Qui</strong></span> <span class='ocrx_word' id='word_1_180' title='bbox 1862 2108 2048 2154; x_wconf 81' lang='lat' dir='ltr'><strong>autem</strong></span> 
     </span>
     <span class='ocr_line' id='line_1_22' title="bbox 317 2183 2050 2267; baseline -0.001 -23"><span class='ocrx_word' id='word_1_181' title='bbox 317 2196 481 2266; x_wconf 79' lang='lat' dir='ltr'><strong>putat</strong></span> <span class='ocrx_word' id='word_1_182' title='bbox 503 2189 620 2262; x_wconf 81' lang='lat' dir='ltr'><strong>ejus</strong></span> <span class='ocrx_word' id='word_1_183' title='bbox 638 2206 749 2245; x_wconf 88' lang='lat' dir='ltr'><strong>esse</strong></span> <span class='ocrx_word' id='word_1_184' title='bbox 768 2185 1032 2267; x_wconf 85' lang='lat' dir='ltr'><strong>potentiae</strong></span> <span class='ocrx_word' id='word_1_185' title='bbox 1056 2186 1260 2258; x_wconf 86' lang='lat' dir='ltr'><strong>Deum,</strong></span> <span class='ocrx_word' id='word_1_186' title='bbox 1280 2198 1343 2244; x_wconf 89' lang='lat' dir='ltr'><strong>ut</strong></span> <span class='ocrx_word' id='word_1_187' title='bbox 1360 2207 1414 2244; x_wconf 90' lang='lat' dir='ltr'><strong>se</strong></span> <span class='ocrx_word' id='word_1_188' title='bbox 1430 2184 1614 2266; x_wconf 90' lang='lat' dir='ltr'><strong>ipsum</strong></span> <span class='ocrx_word' id='word_1_189' title='bbox 1637 2183 1755 2266; x_wconf 85' lang='lat' dir='ltr'><strong>ipse</strong></span> <span class='ocrx_word' id='word_1_190' title='bbox 1772 2185 2050 2262; x_wconf 84' lang='lat' dir='ltr'><strong>genuerit,-</strong></span> 
     </span>
     <span class='ocr_line' id='line_1_23' title="bbox 317 2272 2048 2356; baseline -0.002 -21"><span class='ocrx_word' id='word_1_191' title='bbox 317 2293 382 2337; x_wconf 76' lang='grc'><strong>60</strong></span> <span class='ocrx_word' id='word_1_192' title='bbox 410 2272 537 2355; x_wconf 84' lang='lat' dir='ltr'><strong>plus</strong></span> <span class='ocrx_word' id='word_1_193' title='bbox 560 2287 735 2347; x_wconf 83' lang='lat' dir='ltr'><strong>errat,</strong></span> <span class='ocrx_word' id='word_1_194' title='bbox 759 2273 916 2356; x_wconf 85' lang='lat' dir='ltr'><strong>quod</strong></span> <span class='ocrx_word' id='word_1_195' title='bbox 942 2295 1053 2333; x_wconf 91' lang='lat' dir='ltr'><strong>non</strong></span> <span class='ocrx_word' id='word_1_196' title='bbox 1069 2273 1246 2333; x_wconf 90' lang='lat' dir='ltr'><strong>solum</strong></span> <span class='ocrx_word' id='word_1_197' title='bbox 1266 2276 1414 2334; x_wconf 91' lang='lat' dir='ltr'><strong>Deus</strong></span> <span class='ocrx_word' id='word_1_198' title='bbox 1436 2274 1513 2333; x_wconf 88' lang='lat' dir='ltr'><strong>ita</strong></span> <span class='ocrx_word' id='word_1_199' title='bbox 1541 2295 1653 2332; x_wconf 86' lang='lat' dir='ltr'><strong>non</strong></span> <span class='ocrx_word' id='word_1_200' title='bbox 1674 2287 1754 2333; x_wconf 86' lang='lat' dir='ltr'><strong>est</strong></span> <span class='ocrx_word' id='word_1_201' title='bbox 1773 2320 1788 2346; x_wconf 86' lang='lat'><strong>,</strong></span> <span class='ocrx_word' id='word_1_202' title='bbox 1824 2273 1918 2332; x_wconf 86' lang='lat' dir='ltr'><strong>sed</strong></span> <span class='ocrx_word' id='word_1_203' title='bbox 1943 2289 2048 2332; x_wconf 78' lang='lat' dir='ltr'><strong>nec</strong></span> 
     </span>
     <span class='ocr_line' id='line_1_24' title="bbox 315 2362 2047 2446; baseline -0.002 -22"><span class='ocrx_word' id='word_1_204' title='bbox 315 2362 578 2445; x_wconf 86' lang='lat' dir='ltr'><strong>spiritalis</strong></span> <span class='ocrx_word' id='word_1_205' title='bbox 598 2385 701 2423; x_wconf 85' lang='lat' dir='ltr'><strong>nec</strong></span> <span class='ocrx_word' id='word_1_206' title='bbox 729 2363 1029 2446; x_wconf 89' lang='lat' dir='ltr'><strong>corporalis</strong></span> <span class='ocrx_word' id='word_1_207' title='bbox 1051 2371 1302 2424; x_wconf 82' lang='lat' dir='ltr'><strong>creatura</strong></span> <span class='ocrx_word' id='word_1_208' title='bbox 1329 2387 1345 2423; x_wconf 70' lang='grc' dir='ltr'><strong><em>ε</em></strong></span> <span class='ocrx_word' id='word_1_209' title='bbox 1370 2363 1524 2424; x_wconf 87' lang='lat' dir='ltr'><strong>nulla</strong></span> <span class='ocrx_word' id='word_1_210' title='bbox 1547 2364 1691 2422; x_wconf 83' lang='lat' dir='ltr'><strong>enim</strong></span> <span class='ocrx_word' id='word_1_211' title='bbox 1715 2363 1940 2435; x_wconf 88' lang='lat' dir='ltr'><strong>omnino</strong></span> <span class='ocrx_word' id='word_1_212' title='bbox 1965 2380 2047 2422; x_wconf 84' lang='lat' dir='ltr'><strong>res</strong></span> 
     </span>
     <span class='ocr_line' id='line_1_25' title="bbox 317 2453 2044 2534; baseline 0.004 -25"><span class='ocrx_word' id='word_1_213' title='bbox 317 2463 556 2534; x_wconf 22' lang='lat' dir='ltr'><strong>esthuae</strong></span> <span class='ocrx_word' id='word_1_214' title='bbox 583 2474 638 2512; x_wconf 88' lang='lat' dir='ltr'><strong>se</strong></span> <span class='ocrx_word' id='word_1_215' title='bbox 663 2453 840 2534; x_wconf 84' lang='lat' dir='ltr'><strong>ipsam</strong></span> <span class='ocrx_word' id='word_1_216' title='bbox 870 2453 1057 2531; x_wconf 86' lang='lat' dir='ltr'><strong>gignat</strong></span> <span class='ocrx_word' id='word_1_217' title='bbox 1084 2466 1148 2512; x_wconf 87' lang='lat' dir='ltr'><strong>ut</strong></span> <span class='ocrx_word' id='word_1_218' title='bbox 1171 2453 1258 2515; x_wconf 86' lang='lat' dir='ltr'><strong>sit.</strong></span> <span class='ocrx_word' id='word_1_219' title='bbox 2039 2470 2044 2474; x_wconf 68' lang='grc'><em>’</em></span> 
     </span>
    </p>

    <p class='ocr_par' dir='ltr' id='par_1_3' title="bbox 307 2540 2051 3247">
     <span class='ocr_line' id='line_1_26' title="bbox 402 2540 2047 2619; baseline 0 -21"><span class='ocrx_word' id='word_1_220' title='bbox 402 2541 481 2600; x_wconf 86' lang='lat' dir='ltr'><strong>ll.</strong></span> <span class='ocrx_word' id='word_1_221' title='bbox 532 2541 606 2600; x_wconf 89' lang='lat' dir='ltr'><strong>Ut</strong></span> <span class='ocrx_word' id='word_1_222' title='bbox 633 2563 761 2619; x_wconf 88' lang='lat' dir='ltr'><strong>ergo</strong></span> <span class='ocrx_word' id='word_1_223' title='bbox 793 2542 863 2601; x_wconf 88' lang='lat' dir='ltr'><strong>ab</strong></span> <span class='ocrx_word' id='word_1_224' title='bbox 898 2541 1220 2619; x_wconf 85' lang='lat' dir='ltr'><strong>hujusmodi</strong></span> <span class='ocrx_word' id='word_1_225' title='bbox 1252 2542 1580 2608; x_wconf 84' lang='lat' dir='ltr'><strong>falsitatibus</strong></span> <span class='ocrx_word' id='word_1_226' title='bbox 1613 2541 1890 2600; x_wconf 87' lang='lat' dir='ltr'><strong>humanus</strong></span> <span class='ocrx_word' id='word_1_227' title='bbox 1923 2540 2047 2599; x_wconf 83' lang='lat' dir='ltr'><strong>ani-</strong></span> 
     </span>
     <span class='ocr_line' id='line_1_27' title="bbox 317 2629 2042 2712; baseline -0.001 -24"><span class='ocrx_word' id='word_1_228' title='bbox 317 2650 440 2688; x_wconf 91' lang='lat' dir='ltr'><strong>mus</strong></span> <span class='ocrx_word' id='word_1_229' title='bbox 469 2645 830 2711; x_wconf 83' lang='lat' dir='ltr'><strong>purgaretur,</strong></span> <span class='ocrx_word' id='word_1_230' title='bbox 873 2644 1060 2690; x_wconf 82' lang='lat' dir='ltr'><strong>sancta</strong></span> <span class='ocrx_word' id='word_1_231' title='bbox 1091 2632 1378 2712; x_wconf 88' lang='lat' dir='ltr'><strong>Scriptura</strong></span> <span class='ocrx_word' id='word_1_232' title='bbox 1423 2629 1665 2711; x_wconf 87' lang='lat' dir='ltr'><strong>parvulis</strong></span> <span class='ocrx_word' id='word_1_233' title='bbox 1704 2651 2006 2707; x_wconf 85' lang='lat' dir='ltr'><strong>congruens</strong></span> <span class='ocrx_word' id='word_1_234' title='bbox 2027 2675 2042 2700; x_wconf 94' lang='lat'>,</span> 
     </span>
     <span class='ocr_line' id='line_1_28' title="bbox 314 2718 2047 2799; baseline -0.001 -22"><span class='ocrx_word' id='word_1_235' title='bbox 314 2718 525 2778; x_wconf 84' lang='lat' dir='ltr'><strong>nullius</strong></span> <span class='ocrx_word' id='word_1_236' title='bbox 545 2721 751 2797; x_wconf 86' lang='lat' dir='ltr'><strong>generis</strong></span> <span class='ocrx_word' id='word_1_237' title='bbox 779 2741 961 2779; x_wconf 90' lang='lat' dir='ltr'><strong>rerum</strong></span> <span class='ocrx_word' id='word_1_238' title='bbox 985 2719 1153 2782; x_wconf 85' lang='lat' dir='ltr'><strong>verba</strong></span> <span class='ocrx_word' id='word_1_239' title='bbox 1185 2719 1411 2790; x_wconf 81' lang='lat' dir='ltr'><strong>vitavit,</strong></span> <span class='ocrx_word' id='word_1_240' title='bbox 1445 2739 1506 2776; x_wconf 85' lang='lat' dir='ltr'><strong>ex</strong></span> <span class='ocrx_word' id='word_1_241' title='bbox 1537 2718 1740 2799; x_wconf 86' lang='lat' dir='ltr'><strong>quibus</strong></span> <span class='ocrx_word' id='word_1_242' title='bbox 1759 2719 1914 2799; x_wconf 79' lang='lat' dir='ltr'><strong>quasi</strong></span> <span class='ocrx_word' id='word_1_243' title='bbox 1928 2740 2047 2794; x_wconf 51' lang='lat' dir='ltr'><strong>gra*-</strong></span> 
     </span>
     <span class='ocr_line' id='line_1_29' title="bbox 321 2807 2050 2890; baseline -0.001 -23"><span class='ocrx_word' id='word_1_244' title='bbox 321 2808 496 2868; x_wconf 87' lang='lat' dir='ltr'><strong>datim</strong></span> <span class='ocrx_word' id='word_1_245' title='bbox 534 2808 606 2868; x_wconf 81' lang='lat' dir='ltr'><strong>acl</strong></span> <span class='ocrx_word' id='word_1_246' title='bbox 633 2808 822 2870; x_wconf 85' lang='lat' dir='ltr'><strong>divina</strong></span> <span class='ocrx_word' id='word_1_247' title='bbox 856 2822 1020 2890; x_wconf 88' lang='lat' dir='ltr'><strong>atque</strong></span> <span class='ocrx_word' id='word_1_248' title='bbox 1059 2807 1317 2868; x_wconf 85' lang='lat' dir='ltr'><strong>sublimia</strong></span> <span class='ocrx_word' id='word_1_249' title='bbox 1347 2821 1531 2866; x_wconf 87' lang='lat' dir='ltr'><strong>noster</strong></span> <span class='ocrx_word' id='word_1_250' title='bbox 1558 2807 1866 2866; x_wconf 88' lang='lat' dir='ltr'><strong>intellectus</strong></span> <span class='ocrx_word' id='word_1_251' title='bbox 1898 2807 2050 2875; x_wconf 81' lang='lat' dir='ltr'><strong>velut</strong></span> 
     </span>
     <span class='ocr_line' id='line_1_30' title="bbox 323 2895 2050 2977; baseline -0.001 -22"><span class='ocrx_word' id='word_1_252' title='bbox 323 2899 563 2957; x_wconf 86' lang='lat' dir='ltr'><strong>nutritus</strong></span> <span class='ocrx_word' id='word_1_253' title='bbox 585 2909 900 2974; x_wconf 73' lang='lat' dir='ltr'><strong>assurgeret.</strong></span> <span class='ocrx_word' id='word_1_254' title='bbox 941 2897 1085 2956; x_wconf 89' lang='lat' dir='ltr'><strong>Nam</strong></span> <span class='ocrx_word' id='word_1_255' title='bbox 1107 2909 1162 2955; x_wconf 93' lang='lat' dir='ltr'><strong>et</strong></span> <span class='ocrx_word' id='word_1_256' title='bbox 1180 2896 1362 2956; x_wconf 87' lang='lat' dir='ltr'><strong>verbis</strong></span> <span class='ocrx_word' id='word_1_257' title='bbox 1388 2917 1450 2955; x_wconf 84' lang='lat' dir='ltr'><strong>ex</strong></span> <span class='ocrx_word' id='word_1_258' title='bbox 1475 2896 1640 2954; x_wconf 89' lang='lat' dir='ltr'><strong>rebus</strong></span> <span class='ocrx_word' id='word_1_259' title='bbox 1669 2895 2050 2977; x_wconf 73' lang='lat' dir='ltr'><strong>corporalibus</strong></span> 
     </span>
     <span class='ocr_line' id='line_1_31' title="bbox 325 2984 2044 3067; baseline -0.002 -22"><span class='ocrx_word' id='word_1_260' title='bbox 325 2986 559 3067; x_wconf 71' lang='lat' dir='ltr'><strong>sumptis</strong></span> <span class='ocrx_word' id='word_1_261' title='bbox 587 3007 684 3045; x_wconf 88' lang='lat' dir='ltr'><strong>usa</strong></span> <span class='ocrx_word' id='word_1_262' title='bbox 710 3000 790 3045; x_wconf 90' lang='lat' dir='ltr'><strong>est</strong></span> <span class='ocrx_word' id='word_1_263' title='bbox 806 3033 822 3059; x_wconf 90' lang='lat'>‚</span> <span class='ocrx_word' id='word_1_264' title='bbox 849 3003 977 3045; x_wconf 90' lang='lat' dir='ltr'><strong>cum</strong></span> <span class='ocrx_word' id='word_1_265' title='bbox 1003 2985 1072 3044; x_wconf 89' lang='lat' dir='ltr'><strong>de</strong></span> <span class='ocrx_word' id='word_1_266' title='bbox 1090 2985 1208 3044; x_wconf 93' lang='lat' dir='ltr'><strong>Deo</strong></span> <span class='ocrx_word' id='word_1_267' title='bbox 1226 2984 1562 3066; x_wconf 84' lang='lat' dir='ltr'><strong>loqueretur,</strong></span> <span class='ocrx_word' id='word_1_268' title='bbox 1594 2984 1744 3045; x_wconf 88' lang='lat' dir='ltr'><strong>velut</strong></span> <span class='ocrx_word' id='word_1_269' title='bbox 1765 2995 1893 3043; x_wconf 82' lang='lat' dir='ltr'><strong>cum</strong></span> <span class='ocrx_word' id='word_1_270' title='bbox 1921 2985 1998 3043; x_wconf 83' lang='lat' dir='ltr'><strong>ait</strong></span> <span class='ocrx_word' id='word_1_271' title='bbox 2029 3005 2044 3041; x_wconf 72' lang='lat' dir='ltr'>z</span> 
     </span>
     <span class='ocr_line' id='line_1_32' title="bbox 307 3071 2051 3155; baseline -0.004 -19"><span class='ocrx_word' id='word_1_272' title='bbox 307 3099 351 3136; x_wconf 59' lang='grc' dir='ltr'><strong>-ιι</strong></span> <span class='ocrx_word' id='word_1_273' title='bbox 368 3075 437 3132; x_wconf 90' lang='grc'><strong>111</strong></span> <span class='ocrx_word' id='word_1_274' title='bbox 458 3073 696 3150; x_wconf 81' lang='lat' dir='ltr'><strong>tegmine</strong></span> <span class='ocrx_word' id='word_1_275' title='bbox 718 3073 927 3132; x_wconf 87' lang='lat' dir='ltr'><strong>alarum</strong></span> <span class='ocrx_word' id='word_1_276' title='bbox 958 3086 1178 3133; x_wconf 90' lang='lat' dir='ltr'><strong>tuarum</strong></span> <span class='ocrx_word' id='word_1_277' title='bbox 1211 3086 1438 3155; x_wconf 86' lang='lat' dir='ltr'><strong>protege</strong></span> <span class='ocrx_word' id='word_1_278' title='bbox 1465 3071 1604 3133; x_wconf 64' lang='grc'><strong>11161.</strong></span> <span class='ocrx_word' id='word_1_279' title='bbox 1632 3074 1761 3130; x_wconf 79' lang='lat' dir='ltr'><strong>»Et</strong></span> <span class='ocrx_word' id='word_1_280' title='bbox 1788 3071 1857 3131; x_wconf 88' lang='lat' dir='ltr'><strong>de</strong></span> <span class='ocrx_word' id='word_1_281' title='bbox 1883 3072 2051 3152; x_wconf 48' lang='lat' dir='ltr'><strong>spiri*-</strong></span> 
     </span>
     <span class='ocr_line' id='line_1_33' title="bbox 321 3160 2051 3247; baseline -0.002 -24"><span class='ocrx_word' id='word_1_282' title='bbox 321 3163 419 3237; x_wconf 87' lang='lat' dir='ltr'><strong>tali</strong></span> <span class='ocrx_word' id='word_1_283' title='bbox 443 3176 695 3223; x_wconf 80' lang='lat' dir='ltr'><strong>creatura</strong></span> <span class='ocrx_word' id='word_1_284' title='bbox 734 3163 911 3227; x_wconf 85' lang='lat' dir='ltr'><strong>multa</strong></span> <span class='ocrx_word' id='word_1_285' title='bbox 943 3163 1254 3241; x_wconf 78' lang='lat' dir='ltr'><strong>transtulit,</strong></span> <span class='ocrx_word' id='word_1_286' title='bbox 1301 3165 1515 3247; x_wconf 83' lang='lat' dir='ltr'><strong>quibus·</strong></span> <span class='ocrx_word' id='word_1_287' title='bbox 1547 3163 1876 3241; x_wconf 80' lang='lat' dir='ltr'><strong>significaret</strong></span> <span class='ocrx_word' id='word_1_288' title='bbox 1907 3160 2051 3221; x_wconf 89' lang='lat' dir='ltr'><strong>illud</strong></span> 
     </span>
    </p>

    <p class='ocr_par' dir='ltr' id='par_1_4' title="bbox 386 3267 2028 3320">
     <span class='ocr_line' id='line_1_34' title="bbox 386 3267 722 3320; baseline 0.001 -10"><span class='ocrx_word' id='word_1_289' title='bbox 386 3268 402 3299; x_wconf 84' lang='lat'><em>²</em></span> <span class='ocrx_word' id='word_1_290' title='bbox 423 3267 524 3310; x_wconf 74' lang='lat' dir='ltr'><strong>Psat,</strong></span> <span class='ocrx_word' id='word_1_291' title='bbox 541 3281 625 3320; x_wconf 72' lang='lat' dir='ltr'><strong>xvr,</strong></span> <span class='ocrx_word' id='word_1_292' title='bbox 648 3269 690 3312; x_wconf 88' lang='lat'><strong>8.</strong></span> <span class='ocrx_word' id='word_1_293' title='bbox 719 3309 722 3312; x_wconf 17' lang='grc' dir='ltr'><em>Α</em></span> 
     </span>
    </p>
   </div>
  </div>
 </body>
</html>
