2144 3808
307 339 413 399 172
836 340 879 378 S.
933 338 1238 377 AUGUSTINI
1281 339 1537 379 EPISCOPI

293 421 517 503 quando
544 443 645 502 per
666 420 952 479 hominem
974 420 1239 501 loquitur.
1272 422 1358 480 Ita
1378 443 1505 481 vero
1534 444 1633 502 per
1652 423 1805 482 hunc
1839 424 2023 500 Ange-

294 509 413 567 lum
438 511 704 586 figuratus
724 521 804 566 est
834 508 1119 579 Christus,
1154 510 1293 566 sicut
1321 530 1420 589 per
1455 510 1753 571 hominem.
1796 512 1939 569 Nam
1974 524 2025 569 et

295 599 448 656 Isaac
478 598 622 655 filius
654 595 931 664 Abrahae,
966 595 1101 674 quid
1136 609 1252 654 erat
1292 596 1350 653 in
1380 598 1556 672 figura
1593 599 1698 656 nisi
1731 599 1983 657 Christus
2004 617 2036 669 ,’

292 685 517 765 quando
539 685 680 742 sicut
701 683 817 740 ovis
838 682 905 739 ad
929 682 1327 741 immolandum
1349 683 1548 742 ductus
1569 685 1678 742 est1
1694 732 1710 757 ‚
1729 699 1782 744 et
1802 686 2026 765 quando

292 772 435 829 sicut
463 771 733 829 Dominus
754 791 974 828 crucem
1007 791 1159 828 suam
1178 817 1192 841 ‚
1217 771 1293 828 ita
1321 784 1374 828 et
1401 771 1516 851 ipse
1546 772 1651 830 sibi
1676 773 1881 853 quibus
1903 772 2027 830 fue-

293 871 378 916 rat
405 857 774 939 imponendus
795 857 941 933 ligna
967 858 1264 937 portabat?
1289 863 1571 916 Postremo
1600 859 1735 939 quid
1764 858 2028 917 miramur

294 967 396 1026 per
413 945 678 1022 Angelum
705 946 999 1022 figuratum
1023 967 1131 1003 esse
1156 946 1188 1001 J
1193 967 1339 1004 esum
1359 993 1373 1016 ‚
1400 947 1443 1004 si
1472 968 1582 1004 non
1604 947 1778 1005 solum
1806 968 1906 1027 per
1928 947 2029 1005 ho-

294 1035 494 1093 minem
512 1082 526 1106 ‚
574 1036 931 1094 verumetiam
980 1055 1080 1115 per
1121 1035 1390 1115 pecudem
1425 1037 1691 1111 figuratus
1725 1041 1840 1094 est?
1883 1037 2026 1093 Nam

295 1123 418 1203 quis
441 1123 574 1181 alius
595 1137 710 1181 erat
731 1122 822 1180 ille
846 1123 980 1180 aries
1003 1123 1100 1203 qui
1119 1124 1381 1181 cornibus
1403 1125 1692 1181 tenebatur
1714 1124 1771 1181 in
1798 1125 2025 1204 vepre2‚

295 1212 401 1269 nisi
424 1211 676 1269 Christus
697 1212 988 1269 crucifixus
1004 1259 1017 1281 ‚
1044 1211 1128 1270 vel
1144 1212 1317 1292 spinis
1337 1212 1498 1269 etiam
1525 1226 1835 1271 coronatus
1863 1212 2030 1270 Hunc

297 1312 479 1357 autem
502 1301 719 1358 arietem
749 1321 852 1379 pro
871 1300 986 1357 filio
1011 1346 1024 1370 ‚
1055 1301 1147 1357 cui
1174 1321 1399 1379 parcere
1416 1305 1597 1375 jussus
1626 1314 1705 1357 est
1725 1347 1740 1371 ,
1772 1299 2030 1378 immola-

295 1387 376 1446 vit
407 1387 709 1446 Abraham.
741 1388 824 1445 lta
854 1388 999 1445 enim
1032 1388 1247 1445 homini
1278 1388 1433 1468 parci
1453 1391 1602 1446 Deus
1626 1388 1821 1464 Jussit‚
1853 1400 1914 1445 ut
1938 1401 2029 1446 ta-

297 1495 422 1532 men
446 1497 507 1533 ex
527 1497 726 1555 pecore
754 1488 982 1556 propter
1005 1475 1310 1555 passionem
1339 1476 1577 1547 Christi,
1603 1497 1727 1556 quae
1748 1475 1842 1533 illo
1864 1475 2028 1533 modo

297 1563 814 1641 praenuntiabatur,
853 1565 1170 1644 mysterium
1199 1564 1338 1621 sacri
1367 1565 1643 1639 sanguinis
1682 1563 2020 1643 impleretur.

299 1650 358 1707 Si
385 1672 511 1727 ergo
537 1665 701 1731 putas
725 1653 1065 1732 proprietate
1087 1697 1101 1723 ‚
1145 1673 1257 1708 non
1285 1653 1455 1726 figura
1479 1699 1493 1721 ‚
1540 1652 1826 1709 Christum
1866 1650 2029 1709 fuisse

298 1739 591 1814 Angelum,
616 1741 711 1819 qui
738 1740 975 1799 luctatus
1001 1753 1080 1797 est
1104 1760 1230 1797 cum
1261 1740 1437 1797 Jacob
1467 1762 1481 1797 ε
1515 1754 1671 1820 potes
1692 1739 1871 1797 dicere
1889 1759 2030 1819 pro-

294 1828 527 1907 prietate
545 1875 559 1897 ,
583 1851 695 1886 non
721 1831 893 1905 figura
910 1876 924 1901 ,
957 1829 1242 1887 Christum
1272 1827 1434 1887 fuisse
1459 1829 1679 1886 arietem
1700 1874 1715 1900 ,
1742 1848 1907 1908 quem
1930 1830 2029 1885 Pa-

294 1915 540 1974 triarcha
581 1917 888 1976 immolavit
940 1917 1221 1975 Abraham
1262 1938 1275 1972 ε
1328 1929 1479 1996 potes
1520 1929 1798 1996 postremo
1850 1914 2030 1972 dicere

297 2006 631 2084 proprietate
649 2053 663 2077 ,
697 2027 808 2064 non
836 2007 1011 2082 figura
1033 2052 1047 2076 ,
1098 2005 1383 2063 Christum
1421 2004 1584 2063 fuisse
1610 2017 1823 2084 petram
1844 2049 1860 2070 ,
1903 2023 2030 2083 quae

296 2114 548 2173 percussa
569 2095 743 2170 ligno,
766 2095 967 2153 sitienti
985 2094 1197 2175 populo
1224 2105 1419 2174 potum
1442 2093 1807 2170 largissimum
1829 2091 2022 2150 fudit3.

299 2181 390 2240 Sic
424 2185 568 2240 enim
603 2183 739 2242 dicit
769 2183 1065 2264 Apostolus
1093 2206 1107 2241 :
1151 2209 1177 2237 «
1213 2183 1487 2241 Bibebant
1515 2183 1660 2240 enim
1692 2181 1760 2240 de
1797 2180 2031 2261 spiritali

297 2296 325 2322 ›>
346 2286 602 2352 sequente
629 2286 818 2353 petra3
854 2286 1012 2353 petra
1038 2286 1218 2331 autem
1259 2285 1373 2331 erat
1407 2271 1660 2331 Christus
1677 2270 1718 2330 4.
1750 2295 1773 2323 »2
1813 2270 2031 2345 Figurae

294 2357 413 2416 istae
442 2382 553 2418 non
579 2384 660 2419 res
680 2362 816 2442 ipsae
837 2362 1063 2420 fuerunt
1084 2408 1099 2433 ‚
1125 2361 1328 2442 quibus
1365 2361 1554 2437 figuris
1584 2357 2031 2440 praecedentibus

295 2466 379 2503 res
407 2447 859 2522 significabantur
879 2470 988 2508 esse
1010 2462 1254 2508 venturae
1281 2470 1294 2506 :
1316 2469 1442 2529 quae
1461 2450 1655 2524 figurae
1676 2468 1776 2527 per
1806 2445 2031 2522 subjec-

295 2546 408 2592 tam
441 2536 554 2594 Deo
578 2551 883 2596 creaturam
907 2585 922 2610 ‚
949 2551 1002 2596 et
1032 2538 1263 2596 maxime
1292 2559 1391 2619 per
1426 2536 1758 2611 Angelorum
1783 2533 2031 2591 ministe-

295 2623 439 2680 rium
458 2670 472 2694 ,
499 2625 815 2684 mortalium
857 2626 1263 2684 exhibebantur
1297 2625 1608 2706 aspectibus
1628 2668 1643 2694 ,
1675 2621 1778 2681 Dei
1806 2620 2031 2701 quidem

295 2725 485 2787 agente
504 2714 749 2794 potentia
770 2714 863 2773 sed
887 2727 1071 2773 tamen
1090 2714 1291 2773 latente
1313 2725 1532 2784 natura,
1556 2711 1667 2770 sive
1688 2710 1896 2782 Patris,
1919 2709 2032 2770 sive

294 2800 449 2872 Filii,
484 2803 594 2861 sive
617 2803 855 2884 Spiritus
886 2803 1076 2864 sancti.
1702 2828 1705 2830 ·

388 2899 479 2947 10⁶
522 2897 746 2950 Frustra
774 2892 957 2972 itaque
980 2892 1165 2952 asseris
1202 2891 1402 2950 Filium
1434 2890 1536 2948 Dei
1555 2890 1736 2949 visum
1762 2886 1925 2946 fuisse
1954 2887 2027 2945 ab

295 2974 648 3049 hominibUS‚
678 2981 895 3038 Patrem
943 2994 1121 3039 autem
1150 3001 1263 3037 non
1294 2979 1456 3038 fuisse
1482 2979 1661 3037 visum
1701 2999 1715 3034 t
1759 2997 1886 3034 cum
1927 2995 2030 3055 per

295 3063 598 3141 subjectam
630 3065 735 3123 sibi
755 3080 1059 3126 creaturam
1082 3081 1134 3127 et
1165 3069 1329 3126 Pater
1354 3066 1531 3127 videri
1558 3063 1828 3147 potuerit,
1856 3075 1910 3120 et
1933 3062 2030 3121 Fi-

292 3150 399 3211 lius
414 3199 431 3226 ,
456 3165 511 3211 et
530 3153 766 3234 Spiritus
789 3169 1006 3214 sanctus
1034 3179 1048 3215 :
1074 3178 1174 3239 per
1195 3177 1348 3214 suam
1368 3176 1496 3214 vero
1521 3150 1884 3213 substantiam
1903 3149 2028 3210 nul-

355 3256 481 3302 ¹Isa'1'.
507 3272 603 3314 mu,
630 3273 669 3310 7.
689 3279 745 3290 --
763 3256 783 3287 ²
802 3261 907 3302 Gen.
930 3275 1031 3314 χιιι,
1063 3265 1130 3308 13.
1148 3284 1206 3296 -—
1228 3259 1247 3292 3
1270 3261 1394 3306 Exod.
1417 3275 1517 3312 xva,
1540 3262 1581 3304 6.
1602 3282 1651 3292 -
1680 3255 1698 3288 ⁴
1721 3272 1737 3299 1
1761 3259 1862 3302 Cor·
1884 3270 1928 3313 x,
1950 3263 1995 3305 4-
