<?xml version="1.0" encoding="UTF-8"?>
<!DOCTYPE html PUBLIC "-//W3C//DTD XHTML 1.0 Transitional//EN"
    "http://www.w3.org/TR/xhtml1/DTD/xhtml1-transitional.dtd">
<html xmlns="http://www.w3.org/1999/xhtml" xml:lang="en" lang="en">
 <head>
  <title>
</title>
<meta http-equiv="Content-Type" content="text/html;charset=utf-8" />
  <meta name='ocr-system' content='tesseract 3.04.00' />
  <meta name='ocr-capabilities' content='ocr_page ocr_carea ocr_par ocr_line ocrx_word'/>
</head>
<body>
  <div class='ocr_page' id='page_1' title='image "./operaomniaaccura30auguuoft_0116.png"; bbox 0 0 2144 3808; ppageno 0'>
   <div class='ocr_carea' id='block_1_1' title="bbox 339 288 1578 350">
    <p class='ocr_par' dir='ltr' id='par_1_1' title="bbox 339 288 1578 350">
     <span class='ocr_line' id='line_1_1' title="bbox 339 288 1578 350; baseline 0.002 -4"><span class='ocrx_word' id='word_1_1' title='bbox 339 288 452 347; x_wconf 81' lang='lat'><strong>106</strong></span> <span class='ocrx_word' id='word_1_2' title='bbox 866 311 908 348; x_wconf 82' lang='lat' dir='ltr'><strong>S.</strong></span> <span class='ocrx_word' id='word_1_3' title='bbox 964 308 1273 350; x_wconf 75' lang='lat' dir='ltr'><strong>Anousrim</strong></span> <span class='ocrx_word' id='word_1_4' title='bbox 1317 309 1578 349; x_wconf 65' lang='lat' dir='ltr'><strong>eviscovi</strong></span> 
     </span>
    </p>
   </div>
   <div class='ocr_carea' id='block_1_2' title="bbox 322 389 2073 1100">
    <p class='ocr_par' dir='ltr' id='par_1_2' title="bbox 325 389 2067 739">
     <span class='ocr_line' id='line_1_2' title="bbox 331 389 2060 477; baseline 0.005 -30"><span class='ocrx_word' id='word_1_5' title='bbox 331 389 412 448; x_wconf 90' lang='lat' dir='ltr'><strong>De</strong></span> <span class='ocrx_word' id='word_1_6' title='bbox 436 389 616 472; x_wconf 83' lang='lat' dir='ltr'><strong>aliqua</strong></span> <span class='ocrx_word' id='word_1_7' title='bbox 642 411 769 469; x_wconf 88' lang='lat' dir='ltr'><strong>ergo</strong></span> <span class='ocrx_word' id='word_1_8' title='bbox 797 391 1103 452; x_wconf 81' lang='lat' dir='ltr'><strong>substantia</strong></span> <span class='ocrx_word' id='word_1_9' title='bbox 1127 405 1223 453; x_wconf 83' lang='lat' dir='ltr'><strong>est.</strong></span> <span class='ocrx_word' id='word_1_10' title='bbox 1276 392 1336 452; x_wconf 84' lang='lat' dir='ltr'><strong>Si</strong></span> <span class='ocrx_word' id='word_1_11' title='bbox 1358 413 1471 467; x_wconf 73' lang='lat' dir='ltr'><strong>nou</strong></span> <span class='ocrx_word' id='word_1_12' title='bbox 1489 392 1557 452; x_wconf 91' lang='lat' dir='ltr'><strong>de</strong></span> <span class='ocrx_word' id='word_1_13' title='bbox 1581 392 1757 452; x_wconf 86' lang='lat' dir='ltr'><strong>Patris</strong></span> <span class='ocrx_word' id='word_1_14' title='bbox 1785 415 1800 452; x_wconf 74' lang='lat' dir='ltr'><strong><em>z</em></strong></span> <span class='ocrx_word' id='word_1_15' title='bbox 1832 393 1901 454; x_wconf 87' lang='lat' dir='ltr'><strong>de</strong></span> <span class='ocrx_word' id='word_1_16' title='bbox 1927 416 2060 477; x_wconf 88' lang='lat' dir='ltr'><strong>qua,</strong></span> 
     </span>
     <span class='ocr_line' id='line_1_3' title="bbox 329 477 2067 565; baseline 0.005 -29"><span class='ocrx_word' id='word_1_17' title='bbox 329 477 515 540; x_wconf 62' lang='lat' dir='ltr'><strong>dicim</strong></span> <span class='ocrx_word' id='word_1_18' title='bbox 547 479 655 539; x_wconf 85' lang='lat' dir='ltr'><strong>Sed</strong></span> <span class='ocrx_word' id='word_1_19' title='bbox 674 500 786 540; x_wconf 91' lang='lat' dir='ltr'><strong>non</strong></span> <span class='ocrx_word' id='word_1_20' title='bbox 827 481 1098 542; x_wconf 52' lang='lat' dir='ltr'><strong>invenitis,</strong></span> <span class='ocrx_word' id='word_1_21' title='bbox 1138 483 1171 540; x_wconf 89' lang='lat' dir='ltr'><strong>J</strong></span> <span class='ocrx_word' id='word_1_22' title='bbox 1177 503 1264 540; x_wconf 85' lang='lat' dir='ltr'><strong>am</strong></span> <span class='ocrx_word' id='word_1_23' title='bbox 1286 481 1454 565; x_wconf 80' lang='lat' dir='ltr'><strong>igitur</strong></span> <span class='ocrx_word' id='word_1_24' title='bbox 1475 482 1817 560; x_wconf 84' lang='lat' dir='ltr'><strong>unigenitum</strong></span> <span class='ocrx_word' id='word_1_25' title='bbox 1831 485 1944 544; x_wconf 93' lang='lat' dir='ltr'><strong>Dei</strong></span> <span class='ocrx_word' id='word_1_26' title='bbox 1971 486 2067 545; x_wconf 91' lang='lat' dir='ltr'><strong>Fi-</strong></span> 
     </span>
     <span class='ocr_line' id='line_1_4' title="bbox 327 566 2067 636; baseline 0.005 -11"><span class='ocrx_word' id='word_1_27' title='bbox 327 566 464 636; x_wconf 79' lang='lat' dir='ltr'><strong>lium</strong></span> <span class='ocrx_word' id='word_1_28' title='bbox 489 568 677 627; x_wconf 77' lang='lat' dir='ltr'><strong>Jesum</strong></span> <span class='ocrx_word' id='word_1_29' title='bbox 706 569 1000 628; x_wconf 86' lang='lat' dir='ltr'><strong>Christum</strong></span> <span class='ocrx_word' id='word_1_30' title='bbox 1037 570 1340 628; x_wconf 86' lang='lat' dir='ltr'><strong>Dominum</strong></span> <span class='ocrx_word' id='word_1_31' title='bbox 1368 585 1614 630; x_wconf 87' lang='lat' dir='ltr'><strong>nostrum</strong></span> <span class='ocrx_word' id='word_1_32' title='bbox 1647 573 1719 632; x_wconf 89' lang='lat' dir='ltr'><strong>de</strong></span> <span class='ocrx_word' id='word_1_33' title='bbox 1752 574 1931 634; x_wconf 88' lang='lat' dir='ltr'><strong>Patris</strong></span> <span class='ocrx_word' id='word_1_34' title='bbox 1957 595 2067 634; x_wconf 87' lang='lat' dir='ltr'><strong>esse</strong></span> 
     </span>
     <span class='ocr_line' id='line_1_5' title="bbox 325 656 1691 739; baseline 0.004 -25"><span class='ocrx_word' id='word_1_35' title='bbox 325 656 631 715; x_wconf 79' lang='lat' dir='ltr'><strong>substantia</strong></span> <span class='ocrx_word' id='word_1_36' title='bbox 660 679 771 715; x_wconf 83' lang='lat' dir='ltr'><strong>non</strong></span> <span class='ocrx_word' id='word_1_37' title='bbox 785 678 882 717; x_wconf 88' lang='lat' dir='ltr'><strong>vos</strong></span> <span class='ocrx_word' id='word_1_38' title='bbox 901 657 1191 726; x_wconf 80' lang='lat' dir='ltr'><strong>nobiscum</strong></span> <span class='ocrx_word' id='word_1_39' title='bbox 1217 659 1403 739; x_wconf 83' lang='lat' dir='ltr'>pigeat</span> <span class='ocrx_word' id='word_1_40' title='bbox 1424 660 1691 721; x_wconf 87' lang='lat' dir='ltr'><strong>confiteri.</strong></span> 
     </span>
    </p>

    <p class='ocr_par' dir='ltr' id='par_1_3' title="bbox 322 746 2073 1100">
     <span class='ocr_line' id='line_1_6' title="bbox 408 746 2068 832; baseline 0.004 -28"><span class='ocrx_word' id='word_1_41' title='bbox 408 747 473 804; x_wconf 76' lang='lat'><strong>3⁰</strong></span> <span class='ocrx_word' id='word_1_42' title='bbox 502 746 667 804; x_wconf 87' lang='lat' dir='ltr'><strong>Pater</strong></span> <span class='ocrx_word' id='word_1_43' title='bbox 689 760 884 822; x_wconf 78' lang='lat' dir='ltr'><strong>ergoet</strong></span> <span class='ocrx_word' id='word_1_44' title='bbox 906 747 1075 806; x_wconf 79' lang='lat' dir='ltr'><strong>Filius</strong></span> <span class='ocrx_word' id='word_1_45' title='bbox 1098 747 1261 806; x_wconf 89' lang='lat' dir='ltr'><strong>unius</strong></span> <span class='ocrx_word' id='word_1_46' title='bbox 1282 760 1409 806; x_wconf 88' lang='lat' dir='ltr'><strong>sunt</strong></span> <span class='ocrx_word' id='word_1_47' title='bbox 1423 748 1778 832; x_wconf 68' lang='lat' dir='ltr'><strong>eiusdemque</strong></span> <span class='ocrx_word' id='word_1_48' title='bbox 1800 750 2068 827; x_wconf 66' lang='lat' dir='ltr'><strong>substan-</strong></span> 
     </span>
     <span class='ocr_line' id='line_1_7' title="bbox 322 834 2069 919; baseline 0.004 -26"><span class='ocrx_word' id='word_1_49' title='bbox 322 834 432 894; x_wconf 81' lang='lat' dir='ltr'><strong>tiae.</strong></span> <span class='ocrx_word' id='word_1_50' title='bbox 465 836 588 894; x_wconf 89' lang='lat' dir='ltr'><strong>Hoc</strong></span> <span class='ocrx_word' id='word_1_51' title='bbox 609 849 688 894; x_wconf 89' lang='lat' dir='ltr'><strong>est</strong></span> <span class='ocrx_word' id='word_1_52' title='bbox 711 836 852 895; x_wconf 83' lang='lat' dir='ltr'><strong>illud</strong></span> <span class='ocrx_word' id='word_1_53' title='bbox 878 843 1266 910; x_wconf 76' lang='lat' dir='ltr'><strong>Homousz&#39;on,</strong></span> <span class='ocrx_word' id='word_1_54' title='bbox 1300 837 1451 919; x_wconf 83' lang='lat' dir='ltr'><strong>quod</strong></span> <span class='ocrx_word' id='word_1_55' title='bbox 1480 838 1537 897; x_wconf 90' lang='lat' dir='ltr'><strong>in</strong></span> <span class='ocrx_word' id='word_1_56' title='bbox 1566 840 1803 899; x_wconf 88' lang='lat' dir='ltr'><strong>concilio</strong></span> <span class='ocrx_word' id='word_1_57' title='bbox 1841 841 2069 900; x_wconf 83' lang='lat' dir='ltr'><strong>Nicaeno</strong></span> 
     </span>
     <span class='ocr_line' id='line_1_8' title="bbox 332 924 2071 991; baseline 0.003 -9"><span class='ocrx_word' id='word_1_58' title='bbox 332 924 588 985; x_wconf 78' lang='lat' dir='ltr'><strong>adversus</strong></span> <span class='ocrx_word' id='word_1_59' title='bbox 615 926 904 985; x_wconf 78' lang='lat' dir='ltr'><strong>haereticos</strong></span> <span class='ocrx_word' id='word_1_60' title='bbox 931 927 1160 986; x_wconf 86' lang='lat' dir='ltr'><strong>Arianos</strong></span> <span class='ocrx_word' id='word_1_61' title='bbox 1190 950 1219 986; x_wconf 91' lang='lat' dir='ltr'><strong>a</strong></span> <span class='ocrx_word' id='word_1_62' title='bbox 1243 927 1539 987; x_wconf 84' lang='lat' dir='ltr'>catholicis</span> <span class='ocrx_word' id='word_1_63' title='bbox 1566 929 1822 989; x_wconf 89' lang='lat' dir='ltr'><strong>Patribus</strong></span> <span class='ocrx_word' id='word_1_64' title='bbox 1865 930 2071 991; x_wconf 83' lang='lat' dir='ltr'><strong>verita-</strong></span> 
     </span>
     <span class='ocr_line' id='line_1_9' title="bbox 322 1013 2073 1100; baseline 0.003 -28"><span class='ocrx_word' id='word_1_65' title='bbox 322 1013 392 1072; x_wconf 84' lang='lat' dir='ltr'><strong>tis</strong></span> <span class='ocrx_word' id='word_1_66' title='bbox 415 1016 740 1074; x_wconf 86' lang='lat' dir='ltr'><strong>auctoritate</strong></span> <span class='ocrx_word' id='word_1_67' title='bbox 762 1028 817 1074; x_wconf 89' lang='lat' dir='ltr'><strong>et</strong></span> <span class='ocrx_word' id='word_1_68' title='bbox 842 1017 1181 1075; x_wconf 84' lang='lat' dir='ltr'><strong>auctoritatis</strong></span> <span class='ocrx_word' id='word_1_69' title='bbox 1210 1017 1438 1077; x_wconf 82' lang='lat' dir='ltr'><strong>veritate</strong></span> <span class='ocrx_word' id='word_1_70' title='bbox 1459 1018 1741 1077; x_wconf 84' lang='lat' dir='ltr'><strong>firmatum</strong></span> <span class='ocrx_word' id='word_1_71' title='bbox 1763 1031 1842 1077; x_wconf 90' lang='lat' dir='ltr'><strong>est</strong></span> <span class='ocrx_word' id='word_1_72' title='bbox 1868 1041 1883 1076; x_wconf 76' lang='lat' dir='ltr'>z</span> <span class='ocrx_word' id='word_1_73' title='bbox 1914 1017 2073 1100; x_wconf 90' lang='lat' dir='ltr'><strong>quod</strong></span> 
     </span>
    </p>
   </div>
   <div class='ocr_carea' id='block_1_3' title="bbox 219 1104 2076 1188">
    <p class='ocr_par' dir='ltr' id='par_1_4' title="bbox 219 1104 2076 1188">
     <span class='ocr_line' id='line_1_10' title="bbox 219 1104 2076 1188; baseline 0.003 -27"><span class='ocrx_word' id='word_1_74' title='bbox 219 1173 229 1177; x_wconf 23' lang='grc' dir='ltr'>ν</span> <span class='ocrx_word' id='word_1_75' title='bbox 322 1114 512 1184; x_wconf 84' lang='lat' dir='ltr'><strong>postea</strong></span> <span class='ocrx_word' id='word_1_76' title='bbox 538 1104 596 1162; x_wconf 87' lang='lat' dir='ltr'><strong>in</strong></span> <span class='ocrx_word' id='word_1_77' title='bbox 624 1104 877 1163; x_wconf 82' lang='lat' dir='ltr'>Concilio</span> <span class='ocrx_word' id='word_1_78' title='bbox 911 1105 1272 1179; x_wconf 77' lang='lat' dir='ltr'><strong>Ariminensi,</strong></span> <span class='ocrx_word' id='word_1_79' title='bbox 1313 1119 1542 1188; x_wconf 86' lang='lat' dir='ltr'><strong>propter</strong></span> <span class='ocrx_word' id='word_1_80' title='bbox 1585 1107 1887 1167; x_wconf 85' lang='lat' dir='ltr'><strong>novitatem</strong></span> <span class='ocrx_word' id='word_1_81' title='bbox 1915 1107 2076 1167; x_wconf 85' lang='lat' dir='ltr'><strong>verbi</strong></span> 
     </span>
    </p>
   </div>
   <div class='ocr_carea' id='block_1_4' title="bbox 327 1192 2087 3233">
    <p class='ocr_par' dir='ltr' id='par_1_5' title="bbox 327 1192 2087 3233">
     <span class='ocr_line' id='line_1_11' title="bbox 328 1192 2076 1277; baseline 0.002 -28"><span class='ocrx_word' id='word_1_82' title='bbox 328 1192 509 1250; x_wconf 87' lang='lat' dir='ltr'><strong>minus</strong></span> <span class='ocrx_word' id='word_1_83' title='bbox 525 1213 695 1274; x_wconf 88' lang='lat' dir='ltr'><strong>quam</strong></span> <span class='ocrx_word' id='word_1_84' title='bbox 715 1194 964 1275; x_wconf 86' lang='lat' dir='ltr'><strong>oportuit</strong></span> <span class='ocrx_word' id='word_1_85' title='bbox 983 1194 1343 1268; x_wconf 87' lang='lat' dir='ltr'><strong>intellectum,</strong></span> <span class='ocrx_word' id='word_1_86' title='bbox 1365 1195 1521 1277; x_wconf 87' lang='lat' dir='ltr'><strong>quod</strong></span> <span class='ocrx_word' id='word_1_87' title='bbox 1548 1210 1732 1255; x_wconf 87' lang='lat' dir='ltr'><strong>tamen</strong></span> <span class='ocrx_word' id='word_1_88' title='bbox 1754 1196 1832 1255; x_wconf 89' lang='lat' dir='ltr'><strong>fid</strong></span> <span class='ocrx_word' id='word_1_89' title='bbox 1843 1217 1899 1255; x_wconf 90' lang='lat' dir='ltr'><strong>es</strong></span> <span class='ocrx_word' id='word_1_90' title='bbox 1923 1195 2076 1254; x_wconf 88' lang='lat' dir='ltr'><strong>anti-</strong></span> 
     </span>
     <span class='ocr_line' id='line_1_12' title="bbox 327 1283 2077 1365; baseline 0.002 -26"><span class='ocrx_word' id='word_1_91' title='bbox 327 1301 441 1361; x_wconf 87' lang='lat' dir='ltr'><strong>qua</strong></span> <span class='ocrx_word' id='word_1_92' title='bbox 451 1283 967 1362; x_wconf 47' lang='lat' dir='ltr'><strong>pepererat,‘multis</strong></span> <span class='ocrx_word' id='word_1_93' title='bbox 978 1299 1287 1364; x_wconf 67' lang='lat' dir='ltr'><strong>paucorum</strong></span> <span class='ocrx_word' id='word_1_94' title='bbox 1309 1284 1503 1344; x_wconf 84' lang='lat' dir='ltr'><strong>fraude</strong></span> <span class='ocrx_word' id='word_1_95' title='bbox 1522 1284 1788 1365; x_wconf 82' lang='lat' dir='ltr'><strong>deceptiS,</strong></span> <span class='ocrx_word' id='word_1_96' title='bbox 1808 1284 2077 1343; x_wconf 80' lang='lat' dir='ltr'><strong>haeretica</strong></span> 
     </span>
     <span class='ocr_line' id='line_1_13' title="bbox 327 1369 2059 1451; baseline 0.001 -24"><span class='ocrx_word' id='word_1_97' title='bbox 327 1369 580 1450; x_wconf 74' lang='lat' dir='ltr'><strong>impietas</strong></span> <span class='ocrx_word' id='word_1_98' title='bbox 607 1372 712 1428; x_wconf 85' lang='lat' dir='ltr'><strong>sub</strong></span> <span class='ocrx_word' id='word_1_99' title='bbox 735 1371 998 1429; x_wconf 81' lang='lat' dir='ltr'><strong>haeretico</strong></span> <span class='ocrx_word' id='word_1_100' title='bbox 1015 1372 1346 1451; x_wconf 72' lang='lat' dir='ltr'><strong>imperatore</strong></span> <span class='ocrx_word' id='word_1_101' title='bbox 1377 1374 1701 1431; x_wconf 85' lang='lat' dir='ltr'><strong>Constantio</strong></span> <span class='ocrx_word' id='word_1_102' title='bbox 1727 1371 2059 1432; x_wconf 81' lang='lat' dir='ltr'><strong>labefactare</strong></span> 
     </span>
     <span class='ocr_line' id='line_1_14' title="bbox 333 1458 2079 1541; baseline 0.002 -26"><span class='ocrx_word' id='word_1_103' title='bbox 333 1459 582 1518; x_wconf 85' lang='lat' dir='ltr'><strong>tentavit.</strong></span> <span class='ocrx_word' id='word_1_104' title='bbox 619 1458 726 1517; x_wconf 86' lang='lat' dir='ltr'><strong>Sed</strong></span> <span class='ocrx_word' id='word_1_105' title='bbox 754 1473 882 1540; x_wconf 84' lang='lat' dir='ltr'><strong>post</strong></span> <span class='ocrx_word' id='word_1_106' title='bbox 918 1479 1029 1518; x_wconf 88' lang='lat' dir='ltr'><strong>non</strong></span> <span class='ocrx_word' id='word_1_107' title='bbox 1053 1459 1277 1536; x_wconf 81' lang='lat' dir='ltr'><strong>longum</strong></span> <span class='ocrx_word' id='word_1_108' title='bbox 1303 1473 1521 1541; x_wconf 84' lang='lat' dir='ltr'><strong>tempus</strong></span> <span class='ocrx_word' id='word_1_109' title='bbox 1548 1460 1803 1519; x_wconf 83' lang='lat' dir='ltr'><strong>libertate</strong></span> <span class='ocrx_word' id='word_1_110' title='bbox 1828 1459 1956 1518; x_wconf 89' lang='lat' dir='ltr'><strong>fidei</strong></span> <span class='ocrx_word' id='word_1_111' title='bbox 1979 1479 2079 1518; x_wconf 85' lang='lat' dir='ltr'><strong>ca-</strong></span> 
     </span>
     <span class='ocr_line' id='line_1_15' title="bbox 331 1545 2072 1629; baseline 0.001 -25"><span class='ocrx_word' id='word_1_112' title='bbox 331 1545 556 1606; x_wconf 84' lang='lat' dir='ltr'><strong>tholicae</strong></span> <span class='ocrx_word' id='word_1_113' title='bbox 579 1547 912 1628; x_wconf 72' lang='lat' dir='ltr'><strong>praevalente</strong></span> <span class='ocrx_word' id='word_1_114' title='bbox 930 1595 945 1621; x_wconf 91' lang='lat'><strong>,</strong></span> <span class='ocrx_word' id='word_1_115' title='bbox 973 1561 1332 1629; x_wconf 80' lang='lat' dir='ltr'><strong>posteaquam</strong></span> <span class='ocrx_word' id='word_1_116' title='bbox 1360 1550 1442 1608; x_wconf 87' lang='lat' dir='ltr'><strong>vis</strong></span> <span class='ocrx_word' id='word_1_117' title='bbox 1469 1550 1648 1622; x_wconf 83' lang='lat' dir='ltr'><strong>verbi,</strong></span> <span class='ocrx_word' id='word_1_118' title='bbox 1684 1549 1826 1608; x_wconf 86' lang='lat' dir='ltr'><strong>sicut</strong></span> <span class='ocrx_word' id='word_1_119' title='bbox 1850 1545 2072 1620; x_wconf 85' lang='lat' dir='ltr'><strong>debuit,</strong></span> 
     </span>
     <span class='ocr_line' id='line_1_16' title="bbox 331 1635 2079 1709; baseline 0 -15"><span class='ocrx_word' id='word_1_120' title='bbox 331 1635 609 1695; x_wconf 84' lang='lat' dir='ltr'><strong>intellecta</strong></span> <span class='ocrx_word' id='word_1_121' title='bbox 637 1650 746 1709; x_wconf 87' lang='lat' dir='ltr'><strong>est,</strong></span> <span class='ocrx_word' id='word_1_122' title='bbox 786 1642 1165 1696; x_wconf 70' lang='lat' dir='ltr'><strong>Homousi‘on</strong></span> <span class='ocrx_word' id='word_1_123' title='bbox 1197 1637 1338 1697; x_wconf 85' lang='lat' dir='ltr'><strong>illud</strong></span> <span class='ocrx_word' id='word_1_124' title='bbox 1373 1637 1664 1697; x_wconf 70' lang='lat' dir='ltr'><strong>catholica—3</strong></span> <span class='ocrx_word' id='word_1_125' title='bbox 1693 1637 1821 1696; x_wconf 83' lang='lat' dir='ltr'><strong>fidei</strong></span> <span class='ocrx_word' id='word_1_126' title='bbox 1851 1636 2079 1695; x_wconf 85' lang='lat' dir='ltr'><strong>sanitate</strong></span> 
     </span>
     <span class='ocr_line' id='line_1_17' title="bbox 332 1723 2074 1807; baseline -0.001 -23"><span class='ocrx_word' id='word_1_127' title='bbox 332 1723 493 1802; x_wconf 87' lang='lat' dir='ltr'><strong>longe</strong></span> <span class='ocrx_word' id='word_1_128' title='bbox 514 1725 733 1807; x_wconf 83' lang='lat' dir='ltr'><strong>lateque</strong></span> <span class='ocrx_word' id='word_1_129' title='bbox 760 1725 1044 1785; x_wconf 83' lang='lat' dir='ltr'><strong>defensum</strong></span> <span class='ocrx_word' id='word_1_130' title='bbox 1081 1734 1177 1787; x_wconf 69' lang='lat' dir='ltr'><strong>est]</strong></span> <span class='ocrx_word' id='word_1_131' title='bbox 1217 1726 1371 1800; x_wconf 84' lang='lat' dir='ltr'><strong>Quid</strong></span> <span class='ocrx_word' id='word_1_132' title='bbox 1399 1740 1480 1785; x_wconf 86' lang='lat' dir='ltr'><strong>est</strong></span> <span class='ocrx_word' id='word_1_133' title='bbox 1500 1727 1646 1785; x_wconf 85' lang='lat' dir='ltr'><strong>enim</strong></span> <span class='ocrx_word' id='word_1_134' title='bbox 1673 1731 2074 1796; x_wconf 80' lang='lat' dir='ltr'><strong>Homoasz&#39;on,</strong></span> 
     </span>
     <span class='ocr_line' id='line_1_18' title="bbox 333 1815 2074 1898; baseline 0 -25"><span class='ocrx_word' id='word_1_135' title='bbox 333 1815 438 1874; x_wconf 87' lang='lat' dir='ltr'><strong>nisi</strong></span> <span class='ocrx_word' id='word_1_136' title='bbox 484 1816 647 1875; x_wconf 83' lang='lat' dir='ltr'><strong>unius</strong></span> <span class='ocrx_word' id='word_1_137' title='bbox 675 1816 1027 1898; x_wconf 83' lang='lat' dir='ltr'><strong>ejusdemque</strong></span> <span class='ocrx_word' id='word_1_138' title='bbox 1068 1815 1438 1876; x_wconf 66' lang='lat' dir='ltr'><strong>substantiae?</strong></span> <span class='ocrx_word' id='word_1_139' title='bbox 1481 1815 1634 1889; x_wconf 83' lang='lat' dir='ltr'><strong>Quid</strong></span> <span class='ocrx_word' id='word_1_140' title='bbox 1665 1829 1767 1888; x_wconf 87' lang='lat' dir='ltr'><strong>est,</strong></span> <span class='ocrx_word' id='word_1_141' title='bbox 1822 1816 2074 1896; x_wconf 82' lang='lat' dir='ltr'><strong>inquam,</strong></span> 
     </span>
     <span class='ocr_line' id='line_1_19' title="bbox 338 1900 2081 1983; baseline -0.001 -21"><span class='ocrx_word' id='word_1_142' title='bbox 338 1909 735 1978; x_wconf 71' lang='lat' dir='ltr'><strong>Honzousion,</strong></span> <span class='ocrx_word' id='word_1_143' title='bbox 756 1906 883 1977; x_wconf 88' lang='lat' dir='ltr'><strong>nisi,</strong></span> <span class='ocrx_word' id='word_1_144' title='bbox 907 1927 1005 1983; x_wconf 85' lang='lat' dir='ltr'><strong>ego</strong></span> <span class='ocrx_word' id='word_1_145' title='bbox 1020 1919 1074 1964; x_wconf 90' lang='lat' dir='ltr'><strong>et</strong></span> <span class='ocrx_word' id='word_1_146' title='bbox 1099 1907 1264 1964; x_wconf 84' lang='lat' dir='ltr'><strong>Pater</strong></span> <span class='ocrx_word' id='word_1_147' title='bbox 1285 1926 1459 1964; x_wconf 89' lang='lat' dir='ltr'><strong>unum</strong></span> <span class='ocrx_word' id='word_1_148' title='bbox 1480 1922 1669 1964; x_wconf 82' lang='lat' dir='ltr'><strong>sumus</strong></span> <span class='ocrx_word' id='word_1_149' title='bbox 1686 1900 1762 1964; x_wconf 65' lang='lat'><strong>²?</strong></span> <span class='ocrx_word' id='word_1_150' title='bbox 1794 1902 1904 1964; x_wconf 86' lang='lat' dir='ltr'><strong>Sed</strong></span> <span class='ocrx_word' id='word_1_151' title='bbox 1931 1923 2081 1962; x_wconf 86' lang='lat' dir='ltr'><strong>nunc</strong></span> 
     </span>
     <span class='ocr_line' id='line_1_20' title="bbox 339 1995 2080 2074; baseline -0.002 -21"><span class='ocrx_word' id='word_1_152' title='bbox 339 2015 440 2054; x_wconf 90' lang='lat' dir='ltr'><strong>nec</strong></span> <span class='ocrx_word' id='word_1_153' title='bbox 487 2016 585 2072; x_wconf 83' lang='lat' dir='ltr'><strong>ego</strong></span> <span class='ocrx_word' id='word_1_154' title='bbox 624 1997 913 2054; x_wconf 83' lang='lat' dir='ltr'><strong>Nicaenum</strong></span> <span class='ocrx_word' id='word_1_155' title='bbox 934 2041 950 2068; x_wconf 92' lang='lat'><strong>,</strong></span> <span class='ocrx_word' id='word_1_156' title='bbox 985 2014 1087 2054; x_wconf 88' lang='lat' dir='ltr'><strong>nee</strong></span> <span class='ocrx_word' id='word_1_157' title='bbox 1129 2009 1192 2054; x_wconf 89' lang='lat' dir='ltr'><strong>tu</strong></span> <span class='ocrx_word' id='word_1_158' title='bbox 1219 1995 1386 2055; x_wconf 87' lang='lat' dir='ltr'><strong>debes</strong></span> <span class='ocrx_word' id='word_1_159' title='bbox 1431 1995 1770 2055; x_wconf 85' lang='lat' dir='ltr'><strong>Ariminense</strong></span> <span class='ocrx_word' id='word_1_160' title='bbox 1815 2007 2080 2074; x_wconf 83' lang='lat' dir='ltr'><strong>tanquam</strong></span> 
     </span>
     <span class='ocr_line' id='line_1_21' title="bbox 337 2083 2081 2166; baseline -0.002 -24"><span class='ocrx_word' id='word_1_161' title='bbox 337 2083 804 2165; x_wconf 73' lang='lat' dir='ltr'><strong>praejudicaturus</strong></span> <span class='ocrx_word' id='word_1_162' title='bbox 825 2084 1069 2166; x_wconf 86' lang='lat' dir='ltr'><strong>proferre</strong></span> <span class='ocrx_word' id='word_1_163' title='bbox 1084 2084 1385 2144; x_wconf 85' lang='lat' dir='ltr'><strong>concilium</strong></span> <span class='ocrx_word' id='word_1_164' title='bbox 1405 2109 1420 2153; x_wconf 84' lang='lat'><em>3</em></span> <span class='ocrx_word' id='word_1_165' title='bbox 1458 2104 1560 2142; x_wconf 88' lang='lat' dir='ltr'><strong>nec</strong></span> <span class='ocrx_word' id='word_1_166' title='bbox 1578 2104 1676 2160; x_wconf 82' lang='lat' dir='ltr'><strong>ego</strong></span> <span class='ocrx_word' id='word_1_167' title='bbox 1699 2083 1868 2159; x_wconf 88' lang='lat' dir='ltr'><strong>hujus</strong></span> <span class='ocrx_word' id='word_1_168' title='bbox 1886 2092 2081 2140; x_wconf 87' lang='lat' dir='ltr'><strong>aucto—</strong></span> 
     </span>
     <span class='ocr_line' id='line_1_22' title="bbox 339 2170 2077 2255; baseline -0.003 -23"><span class='ocrx_word' id='word_1_169' title='bbox 339 2174 520 2245; x_wconf 85' lang='lat' dir='ltr'><strong>ritate,</strong></span> <span class='ocrx_word' id='word_1_170' title='bbox 535 2194 636 2237; x_wconf 89' lang='lat' dir='ltr'><strong>nec</strong></span> <span class='ocrx_word' id='word_1_171' title='bbox 652 2171 870 2233; x_wconf 84' lang='lat' dir='ltr'><strong>tuillius</strong></span> <span class='ocrx_word' id='word_1_172' title='bbox 885 2171 1171 2232; x_wconf 84' lang='lat' dir='ltr'><strong>detineris:</strong></span> <span class='ocrx_word' id='word_1_173' title='bbox 1198 2174 1611 2255; x_wconf 85' lang='lat' dir='ltr'><strong>Scripturarum</strong></span> <span class='ocrx_word' id='word_1_174' title='bbox 1633 2170 2077 2241; x_wconf 71' lang='lat' dir='ltr'><strong>auctoritatibuS,</strong></span> 
     </span>
     <span class='ocr_line' id='line_1_23' title="bbox 335 2257 2082 2344; baseline -0.003 -23"><span class='ocrx_word' id='word_1_175' title='bbox 335 2278 448 2322; x_wconf 87' lang='lat' dir='ltr'><strong>non</strong></span> <span class='ocrx_word' id='word_1_176' title='bbox 471 2281 826 2344; x_wconf 74' lang='lat' dir='ltr'><strong>quorumque.</strong></span> <span class='ocrx_word' id='word_1_177' title='bbox 840 2263 1105 2344; x_wconf 72' lang='lat' dir='ltr'><strong>propriiS,</strong></span> <span class='ocrx_word' id='word_1_178' title='bbox 1130 2259 1223 2322; x_wconf 86' lang='lat' dir='ltr'><strong>sed</strong></span> <span class='ocrx_word' id='word_1_179' title='bbox 1249 2262 1495 2344; x_wconf 85' lang='lat' dir='ltr'><strong>utrisque</strong></span> <span class='ocrx_word' id='word_1_180' title='bbox 1518 2260 1911 2320; x_wconf 85' lang='lat' dir='ltr'><strong>communibus</strong></span> <span class='ocrx_word' id='word_1_181' title='bbox 1933 2257 2082 2317; x_wconf 82' lang='lat' dir='ltr'><strong>testi-</strong></span> 
     </span>
     <span class='ocr_line' id='line_1_24' title="bbox 340 2349 2083 2426; baseline -0.003 -16"><span class='ocrx_word' id='word_1_182' title='bbox 340 2352 468 2425; x_wconf 85' lang='lat' dir='ltr'><strong>bus,</strong></span> <span class='ocrx_word' id='word_1_183' title='bbox 494 2374 576 2411; x_wconf 90' lang='lat' dir='ltr'><strong>res</strong></span> <span class='ocrx_word' id='word_1_184' title='bbox 597 2371 725 2412; x_wconf 87' lang='lat' dir='ltr'><strong>cum</strong></span> <span class='ocrx_word' id='word_1_185' title='bbox 743 2374 820 2426; x_wconf 88' lang='lat' dir='ltr'><strong>re,</strong></span> <span class='ocrx_word' id='word_1_186' title='bbox 851 2370 1016 2411; x_wconf 79' lang='lat' dir='ltr'><strong>causa</strong></span> <span class='ocrx_word' id='word_1_187' title='bbox 1036 2371 1163 2411; x_wconf 86' lang='lat' dir='ltr'><strong>cum</strong></span> <span class='ocrx_word' id='word_1_188' title='bbox 1189 2367 1373 2424; x_wconf 83' lang='lat' dir='ltr'><strong>causa,</strong></span> <span class='ocrx_word' id='word_1_189' title='bbox 1398 2351 1541 2410; x_wconf 86' lang='lat' dir='ltr'><strong>ratio</strong></span> <span class='ocrx_word' id='word_1_190' title='bbox 1559 2368 1689 2409; x_wconf 88' lang='lat' dir='ltr'><strong>cum</strong></span> <span class='ocrx_word' id='word_1_191' title='bbox 1712 2349 1920 2408; x_wconf 89' lang='lat' dir='ltr'><strong>ratione</strong></span> <span class='ocrx_word' id='word_1_192' title='bbox 1942 2365 2083 2407; x_wconf 89' lang='lat' dir='ltr'><strong>con-</strong></span> 
     </span>
     <span class='ocr_line' id='line_1_25' title="bbox 341 2437 2085 2522; baseline -0.004 -23"><span class='ocrx_word' id='word_1_193' title='bbox 341 2454 527 2502; x_wconf 79' lang='lat' dir='ltr'><strong>certet.</strong></span> <span class='ocrx_word' id='word_1_194' title='bbox 561 2441 792 2522; x_wconf 84' lang='lat' dir='ltr'><strong>Utrique</strong></span> <span class='ocrx_word' id='word_1_195' title='bbox 823 2441 1053 2518; x_wconf 84' lang='lat' dir='ltr'><strong>legimus</strong></span> <span class='ocrx_word' id='word_1_196' title='bbox 1082 2464 1096 2500; x_wconf 72' lang='grc' dir='ltr'>ε</span> <span class='ocrx_word' id='word_1_197' title='bbox 1131 2468 1158 2494; x_wconf 76' lang='grc' dir='ltr'>α</span> <span class='ocrx_word' id='word_1_198' title='bbox 1183 2441 1258 2499; x_wconf 85' lang='lat' dir='ltr'><strong>Ut</strong></span> <span class='ocrx_word' id='word_1_199' title='bbox 1300 2441 1470 2499; x_wconf 83' lang='lat' dir='ltr'><strong>simus</strong></span> <span class='ocrx_word' id='word_1_200' title='bbox 1511 2439 1569 2498; x_wconf 82' lang='lat' dir='ltr'><strong>in</strong></span> <span class='ocrx_word' id='word_1_201' title='bbox 1605 2458 1733 2498; x_wconf 81' lang='lat' dir='ltr'><strong>vero</strong></span> <span class='ocrx_word' id='word_1_202' title='bbox 1781 2437 1920 2495; x_wconf 89' lang='lat' dir='ltr'><strong>Filio</strong></span> <span class='ocrx_word' id='word_1_203' title='bbox 1969 2439 2085 2511; x_wconf 85' lang='lat' dir='ltr'><strong>ejus</strong></span> 
     </span>
     <span class='ocr_line' id='line_1_26' title="bbox 336 2525 2084 2612; baseline -0.004 -23"><span class='ocrx_word' id='word_1_204' title='bbox 336 2557 364 2585; x_wconf 83' lang='lat'>»</span> <span class='ocrx_word' id='word_1_205' title='bbox 393 2532 523 2590; x_wconf 80' lang='lat' dir='ltr'><strong>Jesu</strong></span> <span class='ocrx_word' id='word_1_206' title='bbox 547 2531 792 2603; x_wconf 78' lang='lat' dir='ltr'><strong>Christe,</strong></span> <span class='ocrx_word' id='word_1_207' title='bbox 826 2532 942 2612; x_wconf 87' lang='lat' dir='ltr'><strong>ipse</strong></span> <span class='ocrx_word' id='word_1_208' title='bbox 965 2541 1043 2590; x_wconf 85' lang='lat' dir='ltr'><strong>est</strong></span> <span class='ocrx_word' id='word_1_209' title='bbox 1079 2551 1239 2592; x_wconf 84' lang='lat' dir='ltr'><strong>verus</strong></span> <span class='ocrx_word' id='word_1_210' title='bbox 1287 2533 1430 2589; x_wconf 85' lang='lat' dir='ltr'><strong>Deus</strong></span> <span class='ocrx_word' id='word_1_211' title='bbox 1474 2542 1528 2588; x_wconf 85' lang='lat' dir='ltr'><strong>et</strong></span> <span class='ocrx_word' id='word_1_212' title='bbox 1570 2529 1683 2587; x_wconf 77' lang='lat' dir='ltr'><strong>vita</strong></span> <span class='ocrx_word' id='word_1_213' title='bbox 1739 2540 1941 2586; x_wconf 83' lang='lat' dir='ltr'><strong>aeterna</strong></span> <span class='ocrx_word' id='word_1_214' title='bbox 1972 2525 2015 2584; x_wconf 81' lang='lat'><strong>2.</strong></span> <span class='ocrx_word' id='word_1_215' title='bbox 2056 2550 2084 2577; x_wconf 74' lang='lat'><strong>&gt;2</strong></span> 
     </span>
     <span class='ocr_line' id='line_1_27' title="bbox 344 2615 2079 2705; baseline -0.005 -24"><span class='ocrx_word' id='word_1_216' title='bbox 344 2623 573 2704; x_wconf 87' lang='lat' dir='ltr'><strong>Utrique</strong></span> <span class='ocrx_word' id='word_1_217' title='bbox 601 2625 738 2682; x_wconf 85' lang='lat' dir='ltr'><strong>tanti</strong></span> <span class='ocrx_word' id='word_1_218' title='bbox 758 2623 1020 2705; x_wconf 85' lang='lat' dir='ltr'><strong>ponderis</strong></span> <span class='ocrx_word' id='word_1_219' title='bbox 1042 2623 1282 2683; x_wconf 80' lang='lat' dir='ltr'><strong>molibus</strong></span> <span class='ocrx_word' id='word_1_220' title='bbox 1299 2622 1574 2681; x_wconf 78' lang='lat' dir='ltr'><strong>cedamus,</strong></span> <span class='ocrx_word' id='word_1_221' title='bbox 1613 2619 1717 2677; x_wconf 91' lang='lat' dir='ltr'><strong>Dic</strong></span> <span class='ocrx_word' id='word_1_222' title='bbox 1739 2639 1867 2695; x_wconf 85' lang='lat' dir='ltr'><strong>ergo</strong></span> <span class='ocrx_word' id='word_1_223' title='bbox 1895 2615 2079 2686; x_wconf 81' lang='lat' dir='ltr'><strong>nobiS,</strong></span> 
     </span>
     <span class='ocr_line' id='line_1_28' title="bbox 344 2705 2086 2789; baseline -0.006 -18"><span class='ocrx_word' id='word_1_224' title='bbox 344 2725 533 2771; x_wconf 86' lang='lat' dir='ltr'><strong>utrum</strong></span> <span class='ocrx_word' id='word_1_225' title='bbox 564 2712 663 2771; x_wconf 87' lang='lat' dir='ltr'><strong>iste</strong></span> <span class='ocrx_word' id='word_1_226' title='bbox 703 2733 864 2772; x_wconf 84' lang='lat' dir='ltr'><strong>verus</strong></span> <span class='ocrx_word' id='word_1_227' title='bbox 898 2714 997 2772; x_wconf 86' lang='lat' dir='ltr'><strong>Dei</strong></span> <span class='ocrx_word' id='word_1_228' title='bbox 1023 2713 1215 2784; x_wconf 87' lang='lat' dir='ltr'><strong>Filius,</strong></span> <span class='ocrx_word' id='word_1_229' title='bbox 1257 2711 1328 2770; x_wconf 81' lang='lat' dir='ltr'><strong>ab</strong></span> <span class='ocrx_word' id='word_1_230' title='bbox 1358 2710 1431 2768; x_wconf 90' lang='lat' dir='ltr'><strong>eis</strong></span> <span class='ocrx_word' id='word_1_231' title='bbox 1473 2708 1572 2789; x_wconf 90' lang='lat' dir='ltr'><strong>qui</strong></span> <span class='ocrx_word' id='word_1_232' title='bbox 1597 2708 1771 2783; x_wconf 82' lang='lat' dir='ltr'><strong>gratia</strong></span> <span class='ocrx_word' id='word_1_233' title='bbox 1821 2705 1919 2764; x_wconf 77' lang='lat' dir='ltr'><strong>filii</strong></span> <span class='ocrx_word' id='word_1_234' title='bbox 1958 2715 2086 2762; x_wconf 85' lang='lat' dir='ltr'><strong>sunt</strong></span> 
     </span>
     <span class='ocr_line' id='line_1_29' title="bbox 339 2792 2087 2883; baseline -0.005 -23"><span class='ocrx_word' id='word_1_235' title='bbox 339 2802 438 2878; x_wconf 87' lang='lat' dir='ltr'><strong>huj</strong></span> <span class='ocrx_word' id='word_1_236' title='bbox 450 2820 508 2859; x_wconf 88' lang='lat' dir='ltr'><strong>us</strong></span> <span class='ocrx_word' id='word_1_237' title='bbox 520 2801 756 2860; x_wconf 77' lang='lat' dir='ltr'><strong>nominis</strong></span> <span class='ocrx_word' id='word_1_238' title='bbox 769 2801 1014 2883; x_wconf 83' lang='lat' dir='ltr'><strong>quadam</strong></span> <span class='ocrx_word' id='word_1_239' title='bbox 1029 2800 1370 2883; x_wconf 69' lang='lat' dir='ltr'><strong>proprietate</strong></span> <span class='ocrx_word' id='word_1_240' title='bbox 1382 2797 1646 2856; x_wconf 87' lang='lat' dir='ltr'><strong>discretus</strong></span> <span class='ocrx_word' id='word_1_241' title='bbox 1656 2843 1669 2869; x_wconf 94' lang='lat'><strong>,</strong></span> <span class='ocrx_word' id='word_1_242' title='bbox 1697 2796 1765 2855; x_wconf 89' lang='lat' dir='ltr'><strong>de</strong></span> <span class='ocrx_word' id='word_1_243' title='bbox 1780 2793 1934 2854; x_wconf 88' lang='lat' dir='ltr'><strong>nulla</strong></span> <span class='ocrx_word' id='word_1_244' title='bbox 1959 2792 2087 2851; x_wconf 85' lang='lat' dir='ltr'><strong>sub-</strong></span> 
     </span>
     <span class='ocr_line' id='line_1_30' title="bbox 344 2881 2086 2978; baseline -0.005 -31"><span class='ocrx_word' id='word_1_245' title='bbox 344 2890 542 2948; x_wconf 82' lang='lat' dir='ltr'><strong>stantia</strong></span> <span class='ocrx_word' id='word_1_246' title='bbox 566 2890 655 2962; x_wconf 86' lang='lat' dir='ltr'><strong>sit,</strong></span> <span class='ocrx_word' id='word_1_247' title='bbox 690 2911 759 2949; x_wconf 83' lang='lat' dir='ltr'><strong>an</strong></span> <span class='ocrx_word' id='word_1_248' title='bbox 785 2890 853 2948; x_wconf 91' lang='lat' dir='ltr'><strong>de</strong></span> <span class='ocrx_word' id='word_1_249' title='bbox 884 2891 1105 2972; x_wconf 63' lang='lat' dir='ltr'><strong>aliqua?</strong></span> <span class='ocrx_word' id='word_1_250' title='bbox 1137 2891 1262 2948; x_wconf 83' lang='lat' dir='ltr'><strong>Non</strong></span> <span class='ocrx_word' id='word_1_251' title='bbox 1286 2887 1412 2947; x_wconf 89' lang='lat' dir='ltr'><strong>dico</strong></span> <span class='ocrx_word' id='word_1_252' title='bbox 1435 2933 1449 2958; x_wconf 94' lang='lat'><strong>,</strong></span> <span class='ocrx_word' id='word_1_253' title='bbox 1483 2885 1688 2967; x_wconf 73' lang='lat' dir='ltr'><strong>inquiS,</strong></span> <span class='ocrx_word' id='word_1_254' title='bbox 1716 2884 1784 2943; x_wconf 90' lang='lat' dir='ltr'><strong>de</strong></span> <span class='ocrx_word' id='word_1_255' title='bbox 1805 2881 1980 2952; x_wconf 87' lang='lat' dir='ltr'><strong>nulla,</strong></span> <span class='ocrx_word' id='word_1_256' title='bbox 2018 2902 2086 2978; x_wconf 81' lang='lat' dir='ltr'><strong>ne</strong></span> 
     </span>
     <span class='ocr_line' id='line_1_31' title="bbox 331 2968 2087 3058; baseline -0.005 -23"><span class='ocrx_word' id='word_1_257' title='bbox 331 2975 412 3035; x_wconf 73' lang='lat' dir='ltr'><strong>de</strong></span> <span class='ocrx_word' id='word_1_258' title='bbox 433 2976 612 3035; x_wconf 87' lang='lat' dir='ltr'><strong>nihilo</strong></span> <span class='ocrx_word' id='word_1_259' title='bbox 643 2977 845 3039; x_wconf 79' lang='lat' dir='ltr'><strong>dicam.</strong></span> <span class='ocrx_word' id='word_1_260' title='bbox 881 2980 1024 3054; x_wconf 87' lang='lat' dir='ltr'><strong>Ergo</strong></span> <span class='ocrx_word' id='word_1_261' title='bbox 1053 2977 1122 3036; x_wconf 79' lang='lat' dir='ltr'><strong>de</strong></span> <span class='ocrx_word' id='word_1_262' title='bbox 1154 2976 1335 3058; x_wconf 79' lang='lat' dir='ltr'><strong>aliqua</strong></span> <span class='ocrx_word' id='word_1_263' title='bbox 1358 2988 1472 3033; x_wconf 88' lang='lat' dir='ltr'><strong>est:</strong></span> <span class='ocrx_word' id='word_1_264' title='bbox 1502 2993 1728 3056; x_wconf 79' lang='lat' dir='ltr'><strong>quaero,</strong></span> <span class='ocrx_word' id='word_1_265' title='bbox 1756 2973 1824 3031; x_wconf 84' lang='lat' dir='ltr'><strong>de</strong></span> <span class='ocrx_word' id='word_1_266' title='bbox 1853 2972 1999 3051; x_wconf 66' lang='lat' dir='ltr'><strong>qua?</strong></span> <span class='ocrx_word' id='word_1_267' title='bbox 2026 2968 2087 3026; x_wconf 76' lang='lat'><strong>81</strong></span> 
     </span>
     <span class='ocr_line' id='line_1_32' title="bbox 341 3056 2087 3147; baseline -0.006 -21"><span class='ocrx_word' id='word_1_268' title='bbox 341 3084 454 3126; x_wconf 86' lang='lat' dir='ltr'><strong>non</strong></span> <span class='ocrx_word' id='word_1_269' title='bbox 482 3065 552 3124; x_wconf 87' lang='lat' dir='ltr'><strong>de</strong></span> <span class='ocrx_word' id='word_1_270' title='bbox 575 3064 773 3137; x_wconf 74' lang='lat' dir='ltr'><strong>Pater,</strong></span> <span class='ocrx_word' id='word_1_271' title='bbox 803 3062 971 3137; x_wconf 19' lang='lat' dir='ltr'><strong>*aliam</strong></span> <span class='ocrx_word' id='word_1_272' title='bbox 998 3081 1202 3147; x_wconf 78' lang='lat' dir='ltr'><strong>quaere.</strong></span> <span class='ocrx_word' id='word_1_273' title='bbox 1238 3065 1296 3123; x_wconf 85' lang='lat' dir='ltr'><strong>Si</strong></span> <span class='ocrx_word' id='word_1_274' title='bbox 1335 3065 1499 3123; x_wconf 83' lang='lat' dir='ltr'><strong>aliam</strong></span> <span class='ocrx_word' id='word_1_275' title='bbox 1551 3085 1662 3122; x_wconf 85' lang='lat' dir='ltr'><strong>non</strong></span> <span class='ocrx_word' id='word_1_276' title='bbox 1691 3060 1923 3130; x_wconf 82' lang='lat' dir='ltr'><strong>inveniS,</strong></span> <span class='ocrx_word' id='word_1_277' title='bbox 1956 3056 2087 3139; x_wconf 85' lang='lat' dir='ltr'><strong>quia</strong></span> 
     </span>
     <span class='ocr_line' id='line_1_33' title="bbox 343 3148 2086 3233; baseline -0.004 -21"><span class='ocrx_word' id='word_1_278' title='bbox 343 3150 569 3214; x_wconf 81' lang='lat' dir='ltr'><strong>omnino</strong></span> <span class='ocrx_word' id='word_1_279' title='bbox 592 3168 703 3213; x_wconf 76' lang='lat' dir='ltr'><strong>non·</strong></span> <span class='ocrx_word' id='word_1_280' title='bbox 725 3155 965 3224; x_wconf 81' lang='lat' dir='ltr'><strong>invenis3</strong></span> <span class='ocrx_word' id='word_1_281' title='bbox 1010 3156 1187 3214; x_wconf 79' lang='lat' dir='ltr'><strong>Patris</strong></span> <span class='ocrx_word' id='word_1_282' title='bbox 1222 3171 1474 3233; x_wconf 78' lang='lat' dir='ltr'><strong>agnosce,</strong></span> <span class='ocrx_word' id='word_1_283' title='bbox 1509 3166 1565 3213; x_wconf 84' lang='lat' dir='ltr'><strong>et</strong></span> <span class='ocrx_word' id='word_1_284' title='bbox 1593 3148 1793 3212; x_wconf 70' lang='lat' dir='ltr'><strong>Filium</strong></span> <span class='ocrx_word' id='word_1_285' title='bbox 1820 3169 1950 3208; x_wconf 72' lang='lat' dir='ltr'><strong>vcum</strong></span> <span class='ocrx_word' id='word_1_286' title='bbox 1977 3152 2086 3207; x_wconf 86' lang='lat' dir='ltr'><strong>Pa-</strong></span> 
     </span>
    </p>
   </div>
   <div class='ocr_carea' id='block_1_5' title="bbox 402 3259 1183 3317">
    <p class='ocr_par' dir='ltr' id='par_1_6' title="bbox 402 3259 1183 3317">
     <span class='ocr_line' id='line_1_34' title="bbox 402 3259 1183 3317; baseline 0.003 -16"><span class='ocrx_word' id='word_1_287' title='bbox 402 3261 416 3290; x_wconf 85' lang='lat'><strong>¹</strong></span> <span class='ocrx_word' id='word_1_288' title='bbox 437 3262 559 3303; x_wconf 83' lang='lat' dir='ltr'><strong>Joan.</strong></span> <span class='ocrx_word' id='word_1_289' title='bbox 586 3274 626 3310; x_wconf 87' lang='lat' dir='ltr'><strong>x,</strong></span> <span class='ocrx_word' id='word_1_290' title='bbox 654 3262 720 3303; x_wconf 87' lang='lat'><strong>30.</strong></span> <span class='ocrx_word' id='word_1_291' title='bbox 739 3259 835 3291; x_wconf 82' lang='lat'><strong>—2</strong></span> <span class='ocrx_word' id='word_1_292' title='bbox 861 3275 877 3301; x_wconf 84' lang='lat'>1</span> <span class='ocrx_word' id='word_1_293' title='bbox 900 3264 1022 3303; x_wconf 82' lang='lat' dir='ltr'><strong>Joau.</strong></span> <span class='ocrx_word' id='word_1_294' title='bbox 1047 3275 1087 3317; x_wconf 87' lang='lat' dir='ltr'><strong>v,</strong></span> <span class='ocrx_word' id='word_1_295' title='bbox 1117 3275 1183 3303; x_wconf 72' lang='lat' dir='ltr'><strong>ao.</strong></span> 
     </span>
    </p>
   </div>
  </div>
 </body>
</html>
