2144 3808
300 328 417 402 432
830 345 877 385 s.
929 340 1238 386 ansusi-1111
1281 339 1538 383 muscum

294 446 443 487 nunc
467 425 665 502 agitur,
693 446 804 484 non
832 425 978 483 enim
1000 423 1112 482 hoc
1131 442 1284 480 nosse
1308 422 1508 502 quaerit
1531 443 1544 479 ε
1583 419 1675 478 sed
1707 419 1766 478 in
1793 439 1856 478 eo
1876 419 2027 501 quod

292 515 429 572 scire
457 513 659 586 studet,
700 513 836 594 quid
868 525 1011 571 amet
1030 511 1379 591 inquirimUS,
1420 509 1572 591 quod
1603 508 1852 590 profecto
1881 529 2047 593 non-¹

293 601 429 660 dum
450 602 634 662 novit:
656 615 709 660 et
731 614 1021 682 propterea
1044 600 1311 658 miramur
1337 619 1436 656 cur
1468 610 1631 668 amet,
1661 596 1920 677 quoniam
1936 596 2028 652 fir·

290 691 552 750 misssime
573 693 824 751 novimus
869 689 1042 748 amari
1068 689 1170 746 nisi
1202 701 1332 745 nota
1368 708 1477 745 non
1498 707 1672 766 posse.
1710 686 1863 757 Quid
1901 705 2027 759 ergo

293 792 463 851 amat,
494 779 599 837 nisi
623 780 753 859 quia
780 778 935 836 novit
957 791 1118 857 atque
1155 778 1399 834 intuetur
1427 775 1484 833 in
1513 774 1819 831 rationibus
1845 795 2027 831 rerum

290 888 418 946 quae
455 868 524 924 sit
567 865 933 947 pulchritudo
975 864 1266 934 doctrinae,
1296 884 1404 943 qua
1435 862 1784 920 continentur
1818 861 2027 919 notitiae

288 954 569 1030 signorum
594 954 873 1020 omnium;
921 966 972 1010 et
1007 973 1133 1030 quae
1168 952 1238 1008 sit
1262 950 1468 1008 utilitas
1496 950 1554 1006 in
1582 969 1643 1005 ea
1669 949 1885 1028 peritia,
1916 970 2027 1029 qua

287 1042 429 1100 inter
459 1063 513 1099 se
541 1041 787 1098 humana
820 1040 1046 1096 societas
1086 1059 1236 1094 sensa
1268 1036 1665 1106 communicat,
1692 1057 1758 1093 ne
1783 1036 1887 1094 sibi
1915 1036 2026 1093 ho·-

287 1129 502 1185 minum
519 1140 698 1186 coetus
721 1125 1013 1183 deteriores
1041 1125 1149 1181 sint
1168 1123 1363 1203 quavis
1400 1122 1712 1193 solitudine,
1745 1123 1790 1180 si
1812 1124 2027 1199 cogita-

288 1217 460 1273 tiones
483 1235 605 1272 suas
622 1212 987 1293 colloquendo
1005 1233 1117 1269 non
1141 1212 1419 1269 misceant.
1454 1211 1614 1268 Hanc
1635 1231 1761 1285 ergo
1791 1211 2026 1290 speciem

288 1303 568 1372 decoram,
602 1314 655 1358 et
684 1300 878 1359 utilem·
906 1300 1080 1358 cernit
1101 1299 1303 1368 anima,
1322 1312 1376 1355 et
1397 1298 1571 1368 novit,
1596 1311 1649 1355 et
1673 1311 1817 1355 amat
1839 1323 1854 1366 3
1882 1320 2026 1356 eam-

287 1412 394 1470 que
421 1391 480 1448 in
509 1410 563 1447 se
589 1389 785 1469 perfici
812 1388 995 1446 studet
1023 1399 1292 1467 quantum
1315 1399 1517 1465 potest,
1549 1385 1795 1465 quisquis
1822 1407 2025 1444 vocum

284 1477 710 1553 significantium
750 1496 1116 1556 quaecumque
1149 1476 1387 1550 ignorat,
1426 1473 1670 1554 inquirit.
1724 1473 1892 1532 Aliud
1945 1488 2025 1532 est

283 1566 428 1622 enim
456 1564 608 1646 quod
631 1585 751 1622 eam
779 1565 836 1621 in
859 1563 1102 1623 veritatis
1129 1561 1252 1619 luce
1276 1561 1568 1640 conspicit,
1612 1560 1763 1618 aliud
1786 1560 1938 1641 quod
1966 1561 2024 1618 in

283 1673 382 1710 sua
403 1652 662 1710 facultate
687 1650 1051 1730 concupiscit.
1086 1649 1373 1728 Conspicit
1415 1669 1653 1728 namque
1679 1650 1738 1706 in
1772 1648 1896 1706 luce
1925 1669 2023 1707 ve-

279 1741 454 1798 ritatis
478 1761 645 1819 quam
667 1759 927 1814 magnum
958 1751 1011 1795 et
1034 1759 1202 1817 quam
1237 1737 1449 1794 bonum
1478 1735 1546 1792 sit
1568 1757 1753 1793 omnes
1775 1735 2022 1794 omnium

283 1829 530 1903 gentium
549 1827 762 1902 linguas
791 1825 1088 1901 intelligere
1111 1846 1175 1882 ac
1197 1823 1372 1904 loqui,
1401 1822 1720 1902 nullamque
1746 1836 1807 1880 ut
1832 1823 2021 1882 alieni-

281 1937 418 1991 gena
449 1915 637 1973 audire
653 1928 707 1972 et
733 1937 763 1971 a
788 1913 940 1971 nullo
963 1914 1041 1971 ita
1064 1913 1260 1971 audiri.
1302 1913 1478 1986 Cujus
1501 1912 1712 1970 notitiae
1735 1911 1901 1970 decus
1920 1933 2022 1970 co-

279 2005 540 2080 gitatione
555 2008 671 2079 jam
687 2003 954 2073 cernitur,
978 2015 1301 2080 amaturque
1322 2021 1405 2057 res
1428 2013 1560 2057 nota
1581 2026 1595 2068 ;
1626 2022 1753 2079 quae
1773 2001 1849 2058 ita
1869 2022 2022 2058 cons-

276 2094 506 2173 picitur,
534 2105 698 2171 atque
722 2091 1030 2148 inflammat
1058 2089 1239 2147 studia
1269 2088 1621 2159 discentium,
1648 2101 1708 2146 ut
1730 2089 1877 2146 circa
1900 2110 2019 2147 eam

274 2192 622 2249 moveantur,
657 2179 813 2258 eique
837 2179 1053 2236 inhient
1087 2179 1145 2235 in
1174 2177 1324 2235 omni
1375 2198 1561 2256 opera,
1597 2176 1764 2256 quam
1796 2177 2020 2257 impen-

274 2270 416 2328 dunt
435 2266 835 2347 consequendae
852 2266 950 2324 tali
972 2266 1246 2337 facultati,
1269 2278 1332 2323 ut
1359 2266 1525 2322 etiam
1549 2285 1650 2323 usu
1675 2264 2019 2345 amplectan-

273 2371 367 2415 tur
406 2355 560 2436 quod
595 2355 804 2412 ratione
841 2367 1200 2434 praenoscunt
1234 2375 1247 2409 z
1302 2365 1463 2432 atque
1510 2353 1587 2410 ita
1630 2352 1882 2432 quisque,
1923 2354 2014 2411 cui

270 2443 523 2503 facultati
559 2463 655 2522 spe
682 2443 1047 2522 propinquat,
1074 2442 1125 2499 ei
1154 2440 1450 2500 ferventius
1480 2461 1664 2498 amore
1696 2440 2010 2499 inardescit.

276 2533 369 2591 Eis
415 2530 683 2589 doctrinis
723 2530 934 2610 quippe
973 2529 1224 2588 studetur
1257 2528 1668 2600 vehementiuS,
1718 2549 1844 2608 quae
1891 2528 2017 2608 capi

269 2641 428 2702 posse
455 2639 569 2676 non
593 2617 970 2698 desperantur.
1005 2619 1147 2676 Nam
1182 2621 1338 2692 cujus
1365 2615 1444 2674 rei
1463 2615 1832 2695 adipiscendae
1862 2636 2017 2695 spem

270 2709 504 2789 quisque
548 2727 663 2763 non
710 2706 871 2781 gerit,
914 2719 1010 2764 aut
1052 2704 1236 2784 tepide
1273 2716 1420 2761 amat
1439 2749 1453 2775 ‚
1511 2715 1604 2760 aut
1644 2703 1868 2759 omnino
1898 2723 2012 2760 non

269 2810 439 2867 amat,
478 2788 729 2874 quamvis
776 2814 944 2873 quam
972 2793 1217 2873 pulchra
1246 2793 1318 2850 sit
1345 2791 1545 2851 videat.
1582 2791 1857 2863 Quocirca
1883 2791 2014 2871 quia

270 2884 520 2942 omnium
550 2881 863 2956 linguarum
887 2882 1111 2940 scientia
1145 2881 1255 2939 fere
1284 2881 1354 2938 ab
1384 2879 1642 2937 omnibus
1665 2879 2007 2959 desperatur,

267 2991 382 3027 suae
410 2970 580 3044 gentis
605 2968 834 3047 quisque
850 2969 1082 3027 maxime
1116 2967 1320 3038 studet,
1355 2980 1416 3024 ut
1437 2967 1666 3026 noverit.
1703 2966 1870 3039 Quod
1891 2967 1936 3024 si
1959 2980 2011 3024 et

265 3057 346 3116 illi
364 3056 433 3114 ad
452 3055 757 3135 perfectum
781 3056 1154 3136 percipiendae
1175 3077 1230 3114 se
1242 3078 1350 3115 non
1372 3054 1615 3114 sufficere
1639 3055 1823 3126 sentit,
1850 3075 2009 3113 nemo

264 3161 449 3205 tamen
477 3156 593 3201 tam
615 3142 914 3202 desidiosus
937 3159 1018 3203 est
1042 3146 1142 3221 huj
1153 3167 1211 3203 us
1247 3145 1460 3203 notitiae
1481 3145 1576 3224 qui
1608 3166 1720 3202 non
1743 3164 1871 3202 cum
1902 3166 2007 3203 au-

262 3234 425 3295 dierit
464 3229 805 3306 incognitum
831 3230 1061 3291 verbum
1084 3278 1099 3304 ,
1131 3232 1261 3293 velit
1287 3253 1441 3292 nosse
1468 3231 1606 3311 quid
1646 3230 1786 3291 illud
1813 3233 1904 3305 sit,
1954 3250 2008 3294 et
