2144 3808
314 250 430 319 460
760 305 766 310 .
846 271 892 307 ε.
947 268 1256 317 Aueusrmr
1299 269 1553 308 EPISCOPI

315 348 398 406 vis
426 369 614 407 eorum
644 349 713 407 sit
755 349 966 409 diversa
1010 364 1207 409 natura
1231 375 1245 418 ;
1275 350 1387 408 hoc
1419 363 1499 408 est
1524 351 1712 410 eadem
1748 353 2044 413 voluntatis

313 435 544 495 intentio
577 436 1047 519 adcopulandam
1073 439 1366 515 imaginem
1411 441 1656 520 corporis
1693 461 1820 519 quae
1867 455 1947 500 est
1985 443 2043 500 in

317 526 581 583 memoria
604 572 618 598 ,
653 539 706 584 et
736 527 996 586 visionem
1030 528 1343 604 cogitantiS‚
1378 526 1439 584 id
1471 541 1549 585 est
1568 574 1583 599 ,
1613 527 1848 586 formam
1876 550 2043 609 quam

313 613 463 692 cepit
493 614 630 671 acies
677 613 846 672 animi
886 615 1099 674 rediens
1136 615 1207 673 ad
1238 615 1599 673 memoriamt
1634 629 1696 673 ut
1737 618 1834 674 fiat
1873 630 1926 674 et
1949 617 2044 675 hic

313 700 474 779 quaed
484 723 570 758 am
593 702 773 760 unitas
792 725 851 761 ex
878 704 1056 762 tribus
1075 751 1090 774 ,
1110 725 1219 762 non
1238 707 1355 779 jam
1377 715 1591 768 naturae
1607 703 1915 762 diversitate
1941 704 2046 762 dis·

314 790 496 862 cretiS,
527 790 620 849 sed
642 791 802 850 unius
830 793 1179 874 ejusdemque
1202 793 1552 866 substantiae3
1580 793 1711 872 quia
1731 793 1843 852 hoc
1866 807 2044 852 totum

311 879 460 936 intus
481 893 587 951 est,
613 893 666 938 et
689 893 866 939 totum
890 903 1030 941 unus
1051 883 1280 941 animus

394 968 550 1028 VIII.
606 968 763 1028 Sicut
789 985 968 1029 autem
992 993 1121 1029 cum
1145 972 1321 1030 forma
1343 984 1396 1028 et
1419 970 1622 1050 species
1644 971 1890 1050 corporis
1910 970 2045 1029 inte-

310 1055 493 1125 rierit,
522 1070 840 1135 non'potest
874 1057 943 1114 ad
976 1079 1096 1115 eam
1123 1058 1378 1115 voluntas
1408 1078 1622 1115 sensum
1649 1079 1901 1116 revocare
1922 1079 2045 1116 cer-

311 1143 488 1199 nentis
518 1164 530 1198 ε
565 1142 641 1200 ita
680 1165 809 1201 cum
838 1145 1019 1221 imago
1046 1167 1213 1226 quam
1259 1146 1518 1203 memoria
1561 1147 1731 1221 gerit,
1768 1146 2046 1205 oblivione

310 1229 483 1287 deleta
511 1243 611 1298 est,
633 1253 746 1289 non
774 1234 875 1290 erit
892 1254 1004 1313 quo
1033 1235 1203 1291 aciem
1234 1233 1402 1291 animi
1423 1233 1771 1291 formandam
1794 1234 2046 1293 voluntas

308 1319 649 1377 recordando
693 1334 1023 1401 retorqueat.
1057 1321 1163 1380 Sed
1201 1322 1331 1402 quia
1367 1321 1631 1403 praevalet
1662 1323 1901 1394 animUS,
1934 1345 2045 1381 non

279 1477 289 1482 -
310 1405 486 1463 solum
506 1407 701 1479 oblita,
737 1430 927 1467 verum
956 1410 1118 1468 etiam
1142 1431 1253 1467 non
1273 1432 1424 1468 sensa
1453 1432 1554 1468 nec
1578 1423 1797 1490 experta
1825 1412 2045 1468 confin-

223 1497 229 1500 ’
310 1514 431 1568 gere
449 1540 463 1565 ,
499 1516 560 1552 ea
592 1517 719 1575 quae
741 1519 852 1555 non
881 1497 1196 1556 exciderunt
1226 1497 1475 1574 augendo
1494 1544 1508 1569 ,
1539 1498 1871 1569 minuendO,
1897 1520 2045 1556 com-

308 1583 577 1642 mutando
595 1631 610 1655 ,
644 1599 696 1643 et
719 1609 822 1667 pro
847 1588 1077 1645 arbitrio
1108 1587 1494 1668 componendo
1512 1634 1525 1658 ,
1551 1609 1696 1668 saepe
1715 1588 2046 1663 imaginatur

307 1671 464 1748 quasi
490 1672 567 1730 ita
597 1673 806 1754 aliquid
846 1675 943 1746 sit,
973 1675 1126 1756 quod
1149 1689 1243 1733 aut
1270 1675 1372 1732 scit
1396 1697 1504 1733 non
1536 1675 1613 1732 ita
1638 1696 1744 1732 esse
1763 1721 1777 1745 ,
1807 1689 1901 1733 aut
1919 1696 2044 1733 nes-

309 1758 476 1817 citita
508 1783 632 1821 esse.
666 1765 732 1820 ln
761 1784 873 1843 quo
908 1786 1099 1840 genere
1120 1764 1426 1823 cavendum
1451 1777 1528 1822 est
1546 1774 1656 1835 ,ne
1697 1777 1790 1822 aut
1811 1763 2044 1822 mentia-

304 1858 394 1903 tur
416 1861 478 1904 ut
507 1848 771 1930 decipiat,
806 1865 901 1910 aut
922 1853 1180 1931 opinetur
1201 1865 1260 1910 ut
1290 1852 1616 1932 decipiatur.
1651 1852 1869 1924 Quibus
1897 1851 2043 1910 duo—

305 1930 412 1990 bus
436 1935 589 1992 malis
607 1937 838 2009 evitatiS,
858 1939 1002 1996 nihil
1019 1939 1065 1996 ei
1087 1940 1290 1996 obsunt
1307 1940 1601 2014 imaginata
1618 1940 2003 2019 phantasmata
2024 1962 2037 1996 ε

306 2021 448 2079 sicut
469 2023 612 2081 nihil
639 2025 843 2084 obsunt
861 2041 1078 2107 experta
1097 2028 1370 2086 sensibilia
1395 2041 1449 2085 et
1468 2041 1676 2085 retenta
1703 2028 2037 2100 memoriter,

306 2108 350 2164 si
383 2131 559 2190 neque
598 2113 802 2192 cupide
855 2128 1187 2194 appetantur
1230 2116 1271 2172 si
1305 2120 1542 2191 juvant,
1593 2137 1769 2196 neque
1810 2117 2043 2196 turpiter

304 2194 587 2271 fugiantur
630 2201 674 2258 si
703 2201 1004 2261 offendunt.
1047 2205 1189 2260 Cum
1238 2217 1419 2261 autem
1451 2205 1509 2261 in
1549 2204 1635 2261 his
1664 2205 1915 2263 voluntas
1953 2227 2043 2263 re-

306 2281 448 2342 lictis
476 2286 794 2347 melioribus
820 2289 980 2348 avida
1000 2291 1302 2363 volutatur,
1327 2292 1614 2350 immunda
1631 2294 1694 2350 fit
1729 2315 1743 2350 :
1778 2307 1941 2374 atque
1966 2294 2041 2351 ita

308 2384 362 2428 et
386 2394 512 2430 cum
532 2375 731 2434 adsunt
756 2379 1077 2457 perniciose,
1103 2393 1155 2436 et
1177 2401 1305 2436 eum
1337 2381 1539 2438 absunt
1561 2382 1919 2461 perniciosius
1943 2404 2043 2440 co-

306 2460 566 2534 gitantur.
616 2465 758 2522 Male
797 2467 982 2546 itaque
1039 2467 1244 2525 vivitur
1293 2481 1346 2524 et
1383 2467 1696 2539 deformiter
1739 2469 2041 2528 secundum

307 2549 605 2610 trinitatem
637 2553 878 2612 hominis
914 2555 1190 2612 exterioris
1217 2575 1230 2613 ι
1267 2556 1397 2635 quia
1441 2569 1493 2613 et
1527 2556 1679 2614 illam
1707 2558 2034 2629 trinitatem,

301 2639 572 2717 quaelicet
593 2642 820 2700 interius
839 2643 1187 2719 imaginetur,
1200 2645 1460 2701 exteriora
1482 2657 1665 2702 tamen
1679 2645 2026 2722 imaginatur,

298 2727 641 2787 'sensibilium
693 2731 1171 2811 corporaliumque
1223 2732 1550 2790 utendorum
1594 2754 1758 2791 causa
1799 2736 2030 2815 peperit.

305 2813 502 2873 Nullus
524 2817 670 2874 enim
698 2819 772 2876 eis
803 2820 882 2877 uti
910 2832 1090 2899 posset
1111 2819 1271 2876 etiam
1295 2819 1436 2877 bene
1454 2865 1469 2889 ,
1505 2819 1609 2877 nisi
1644 2842 1920 2881 sensarum
1951 2846 2038 2882 re-

301 2923 426 2961 rum
463 2904 726 2980 imagines
754 2907 1016 2965 memoria
1046 2920 1357 2966 tenerentur
1384 2929 1397 2963 :
1433 2920 1487 2964 et
1520 2908 1622 2966 nisi
1648 2932 1775 2990 pars
1807 2911 2040 2970 maxima

300 2990 596 3050 voluntatis
619 2994 677 3050 in
706 2996 1081 3075 superioribus
1105 3009 1265 3076 atque
1297 2996 1648 3056 interioribus
1681 2998 1917 3071 habitet,
1941 3022 2038 3058 ea-

300 3096 408 3156 que
443 3078 560 3155 ipsa
593 3101 719 3159 quae
755 3078 1169 3155 commodatur,
1218 3086 1327 3145 sive
1359 3085 1490 3142 foris
1523 3087 1880 3166 corporibus,
1927 3088 2037 3147 sive

303 3163 451 3225 intus
492 3164 824 3244 imaginibus
864 3192 1052 3229 eorum
1075 3218 1090 3242 ‚
1136 3173 1239 3231 nisi
1263 3172 1538 3254 quidquid
1570 3173 1627 3231 in
1666 3175 1741 3233 eis
1777 3176 1928 3256 capit
1967 3176 2037 3237 ad
