2144 3808
0 3758 15 3808 Νὴ.
2 3730 7 3742 u
0 3551 18 3704 ..svm-*va-
0 3495 8 3515 Α.
0 3429 6 3442 ὴ

372 323 596 365 CONTRA
638 322 970 374 MAXIMINUM
1014 323 1295 376 ARIANUM,
1344 326 1454 366 L1B⁶
1507 329 1571 368 11.
1738 324 1846 386 107

127 417 207 465 tre
231 409 596 465 Homousz'on
627 407 903 465 confitere.
936 407 1078 466 Caro
1107 406 1175 464 de
1196 426 1359 464 carne
1384 410 1647 480 nascitur,
1681 407 1852 467 Filius

128 496 306 555 carnis
333 493 400 554 de
446 494 758 553 substantia
797 495 975 554 carnis
1012 495 1273 555 nascitur.
1313 496 1736 578 Corruptionem
1784 497 1854 555 de

128 584 308 643 medio
327 583 517 653 tollite,
551 583 823 663 passiones
845 583 1085 643 carnales
1111 607 1140 643 a
1167 583 1380 643 lumine·
1393 587 1588 644 mentis
1605 584 1849 660 abjicite,

129 685 182 730 et
211 672 506 732 invisibilia
534 672 635 730 Dei
661 693 761 753 per
788 693 849 731 ea
892 694 1020 754 quae
1050 673 1194 732 facta
1222 686 1348 731 sunt
1388 674 1664 732 intellecta
1690 693 1856 732 cons-

127 760 353 841 picite1.
387 761 606 820 Credite
625 761 960 834 Creatorem,
994 762 1091 842 qui
1118 761 1271 821 dedit
1298 762 1450 820 carni
1477 779 1697 821 carnem
1729 762 1852 838 gig-

127 871 276 922 nere,
292 849 390 930 qui
416 849 569 908 dedit
579 851 900 931 parentibus
921 872 1073 914 veros
1090 851 1269 910 carnis
1284 850 1426 909 filios
1448 851 1516 910 de
1536 851 1713 911 carnis
1725 850 1855 908 sub-

126 939 326 996 stantia
348 957 630 1014 generare,
667 960 732 998 ac
758 939 835 998 sic
866 939 1006 999 filios
1042 960 1172 999 cum
1201 939 1526 1020 parentibus
1557 939 1719 999 unius
1749 959 1860 996 esse

127 1025 480 1099 substantiae,
513 1027 689 1087 multo
711 1028 883 1105 magi-s
904 1028 1144 1109 potuisse
1186 1047 1378 1088 verum
1412 1028 1628 1105 gignere
1651 1026 1857 1086 Filium

110 1114 197 1182 'de
225 1136 321 1174 sua
349 1116 675 1192 substantia,
717 1131 771 1177 et
800 1127 989 1177 ‘unam
1017 1139 1146 1177 cum
1174 1139 1302 1179 vero
1331 1118 1470 1177 Filio
1497 1116 1702 1177 habere
1722 1117 1859 1175 sub-

125 1204 410 1277 stantiam,
434 1219 684 1265 manente
718 1207 1135 1288 incorruptione
1165 1206 1418 1288 spiritali,
1445 1219 1499 1265 et
1545 1203 1856 1282 longissime

126 1292 261 1352 binc
283 1294 460 1353 aliena
480 1295 833 1377 corruptione
855 1297 1080 1356 carnali.

209 1384 271 1453 4⁰
301 1382 443 1440 Nam
459 1383 527 1441 de
550 1385 728 1442 anima
749 1385 1135 1464 quid‘dixeriS,
1159 1384 1361 1444 nescio,
1393 1383 1573 1442 Verba
1590 1382 1736 1441 enim
1763 1395 1859 1440 tua

126 1482 280 1543 sunt,
305 1471 405 1529 ubi
421 1469 560 1531 dicis
587 1494 601 1529 ε
630 1499 657 1526 (ε
679 1472 793 1531 Nec
817 1474 963 1531 enim
993 1473 1060 1545 ad
1082 1473 1280 1531 animae
1297 1472 1691 1548 ingenuitatem
1715 1492 1865 1536 com·⁴

130 1559 335 1639 paratis
362 1572 569 1619 tantam
601 1560 752 1620 illam
783 1561 1247 1637 magnificentiam
1265 1607 1281 1631 ,
1307 1560 1401 1619 sed
1416 1560 1487 1619 ad
1509 1559 1861 1635 fragilitatem

130 1648 393 1729 corporiS.
422 1649 505 1707 De
524 1668 757 1730 corpore
780 1650 999 1730 utique,
1016 1649 1218 1729 inquiS,
1243 1648 1486 1706 nascitur
1499 1667 1648 1719 cam,
1676 1667 1865 1727 corpo.

132 1739 260 1800 ralis
293 1739 439 1799 filius
473 1761 487 1798 t
508 1762 619 1799 non
638 1754 822 1799 tamen
841 1740 910 1799 de
923 1741 1104 1800 anima
1119 1739 1298 1798 anima
1314 1739 1576 1797 nascitur.
1609 1763 1635 1791 ›>
1655 1735 1867 1796 Postis-

134 1840 250 1886 tam
262 1827 421 1908 quasi
434 1828 808 1888 definitionem
830 1841 1006 1902 tuam,
1019 1850 1204 1887 rursus
1222 1826 1455 1887 affirmas
1472 1826 1711 1885 animam
1726 1823 1868 1882 filios

138 1937 405 1993 generare.
445 1918 546 1995 Adj
557 1920 713 1996 ungis
733 1919 902 1990 enim,
932 1932 985 1976 et
1007 1918 1145 1977 dicis
1165 1941 1179 1975 ε
1201 1945 1226 1971 α
1250 1917 1309 1975 Si
1331 1937 1458 1993 ergo
1482 1928 1666 1974 nostra
1688 1914 1869 1972 anima

138 2005 635 2088 incorruptibiliter
648 2020 867 2084 generat
882 2020 935 2066 et
955 2006 1386 2089 impassibiliter,
1418 2003 1627 2063 nullam
1641 2002 1873 2062 sentiens

138 2094 580 2169 diminutionem,
614 2114 727 2155 non
748 2097 1184 2178 inquinationem
1209 2095 1481 2176 aliquam,
1516 2092 1611 2151 sed
1638 2091 1876 2167 legitime

60 2208 72 2209 ’
133 2183 443 2242 secundum
463 2189 591 2261 jura
621 2184 808 2245 divina
836 2181 1055 2261 generat
1087 2183 1264 2242 filium
1290 2229 1305 2254 ,
1348 2181 1613 2263 sapientia
1639 2198 1874 2238 consen-
1915 2184 1918 2189 ’

127 2293 265 2331 ‘sum
293 2274 716 2333 accommodans
750 2274 995 2355 corpori,
1027 2273 1146 2354 ipsa
1176 2272 1387 2348 integra
1416 2281 1629 2342 manet,
1666 2279 1874 2350 quanto

145 2362 315 2437 magis
338 2363 684 2442 omnipotens
718 2364 862 2420 Deus
890 2384 906 2419 t
938 2388 965 2415 >)
995 2363 1066 2419 Et
1087 2359 1255 2441 paulo
1278 2372 1407 2441 post
1424 2357 1564 2417 dicis
1592 2379 1608 2416 ε
1652 2356 1877 2428 Quanto

147 2478 174 2504 ›>
198 2451 368 2527 magis
383 2453 526 2510 Deus
543 2453 705 2510 Pater
723 2452 1163 2532 incorruptibilis
1184 2447 1678 2530 incorruptibiliter
1693 2444 1880 2524 genuit
1902 2459 1904 2463 ⁴

149 2539 382 2597 Filium?
409 2565 435 2592 »
458 2541 492 2597 J
496 2561 583 2598 am
609 2562 778 2621 supra
819 2539 929 2598 dixi
955 2585 970 2611 ,
1004 2539 1209 2597 nescire
1239 2559 1325 2596 me
1350 2536 1487 2618 quid
1522 2535 1758 2596 volueris
1807 2532 1875 2591 de

151 2628 330 2686 anima
359 2627 617 2706 intelligi,
651 2629 720 2688 de
746 2650 857 2710 qua
877 2629 1032 2710 prius
1065 2627 1276 2697 dixisti,
1303 2625 1455 2707 quod
1483 2645 1595 2682 non
1623 2634 1881 2682 nascatur

129 2724 131 2728 ’
152 2717 332 2774 anima
352 2715 421 2774 de
441 2716 645 2789 anmia,
671 2731 723 2776 et
738 2729 948 2798 postea,
973 2716 1127 2798 quod
1179 2715 1356 2773 anima
1377 2711 1875 2793 incorruptibiliter

153 2805 336 2881 gignat
361 2805 555 2865 filium.
597 2805 654 2865 Si
686 2807 924 2865 animam
953 2805 1160 2883 gignit,
1188 2801 1469 2885 quomodo
1499 2823 1611 2860 non
1636 2799 1881 2859 nascitur

156 2894 336 2952 anima
367 2893 434 2952 de
451 2896 667 2955 anima?
695 2896 752 2955 Si
773 2917 1014 2970 carnem,
1037 2908 1099 2953 tu
1124 2892 1324 2953 videris
1345 2890 1623 2973 quomodo
1653 2889 1724 2949 sit
1751 2909 1880 2948 caro

154 3003 312 3042 verus
332 2982 531 3041 animae
558 2984 721 3044 filius,
767 2984 1020 3044 Christus
1057 2984 1203 3042 enim
1238 2994 1466 3062 propter
1494 2999 1660 3060 quem
1675 2976 1884 3059 putasti

157 3071 305 3130 hanc
325 3070 697 3131 adhibendam
731 3073 1164 3145 similitudinem,
1195 3091 1351 3132 verus
1373 3082 1452 3129 est
1473 3068 1576 3128 Dei
1601 3067 1785 3127 Filius.
1826 3065 1885 3124 Si

161 3172 340 3218 autem
369 3162 860 3243 incorruptibiliter
888 3163 1105 3240 gignere
1137 3161 1374 3222 animam
1401 3159 1578 3218 filium
1602 3157 1679 3216 sic
1709 3153 1885 3235 accipi

224 3264 238 3294 ¹
261 3268 382 3310 Rom.
402 3280 430 3318 ι,
459 3281 530 3311 20.
