2144 3808
645 329 715 367 Du
759 326 1078 379 TRlNlTATE,
1127 328 1236 366 Lm.
1287 329 1364 366 ix.
1726 310 1833 379 42¹

119 408 276 466 tabili
302 409 602 467 aeternitate
643 408 947 466 consistere.
987 409 1174 485 Neque
1197 407 1340 464 enim
1372 408 1543 465 oculis
1572 410 1846 489 corporeis
1907 397 1910 399 Α

118 497 317 554 multas
343 511 543 555 mentes
567 496 804 555 videndo
821 542 836 567 ,
856 517 954 575 per
979 495 1392 552 similitudinem
1419 495 1727 570 colligimus
1750 519 1846 572 ge-

116 584 355 642 neralem
385 585 471 644 vel
499 583 790 664 specialem
813 582 1007 641 mentis
1029 583 1289 640 humanae
1317 582 1569 639 notitiam
1597 605 1610 638 :
1639 583 1731 640 sed
1755 584 1847 641 in-

119 683 333 729 tuemur
350 671 722 730 inviolabilem
747 670 1050 741 veritatem,
1069 691 1129 727 ex
1149 691 1260 749 qua
1280 668 1519 748 perfecte
1539 715 1554 739 ,
1575 682 1841 749 quantum

115 779 401 837 possumus
421 806 435 831 ‚
465 760 815 829 definiamUS‚
844 780 955 816 non
978 757 1154 838 qualis
1183 758 1253 815 sit
1282 757 1711 836 uniuscujusque
1735 757 1846 813 ho-

115 846 276 904 minis
303 868 453 904 mens
467 893 482 918 ,
506 846 596 904 sed
610 844 787 925 qualis
809 866 916 902 esse
937 844 1277 924 sempiternis
1298 843 1605 930 rationibus
1620 844 1834 903 debeat.

196 936 265 993 X.
321 934 476 991 Unde
491 934 654 991 etiam
677 932 994 1013 phantasias
1012 953 1192 990 rerum
1213 931 1580 1011 corporalium
1601 953 1700 1011 per
1721 953 1843 990 cor-

114 1021 265 1100 poris
306 1042 520 1080 sensum
552 1022 776 1080 haustas
797 1066 812 1092 ,
845 1034 898 1078 et
926 1020 1168 1101 quodam
1199 1020 1365 1078 modo
1397 1019 1602 1076 infusas
1633 1041 1846 1077 memo—

113 1110 208 1168 riae
229 1155 244 1180 ‚
278 1131 338 1168 ex
361 1111 564 1190 quibus
592 1111 754 1168 etiam
779 1131 840 1167 ea
866 1130 992 1188 quae
1020 1130 1132 1166 non
1161 1109 1273 1168 visa
1299 1121 1457 1179 sunt,
1493 1109 1623 1165 ficto
1653 1108 1845 1187 phan-

112 1210 339 1256 tasmate
368 1199 681 1275 cogitantur
700 1245 715 1270 ,
749 1199 858 1256 sive
887 1198 1042 1255 aliter
1077 1218 1247 1277 quam
1275 1210 1402 1254 sunt
1423 1242 1437 1265 ‚
1471 1196 1580 1254 sive
1606 1195 1841 1253 fortuitu

111 1286 270 1344 sicuti
299 1300 455 1357 sunt,
492 1287 607 1345 aliis
636 1286 857 1345 omnino
886 1285 1084 1361 regulis
1130 1306 1294 1364 supra
1326 1297 1563 1342 mentem
1599 1277 1850 1342 nostram

108 1374 631 1434 incommutabiliter
658 1374 1004 1433 manentibus
1022 1420 1038 1445 ,
1070 1373 1159 1433 vel
1183 1373 1493 1453 approbare
1530 1372 1681 1452 apud
1706 1393 1839 1429 nos-

109 1463 367 1542 metipsos
389 1510 404 1535 ‚
439 1464 526 1522 vel
545 1464 860 1544 improbare
883 1462 1292 1532 convincimur,
1314 1482 1441 1519 cum
1464 1474 1608 1518 recte
1630 1460 1840 1541 aliquid

110 1553 485 1630 approbamus
514 1566 608 1610 aut
628 1551 1027 1631 improbamus
1067 1549 1210 1607 Nam
1240 1562 1294 1606 et
1322 1570 1450 1607 cum
1484 1547 1667 1606 recolo
1697 1553 1839 1605 Car-

109 1637 348 1714 thaginis
369 1640 573 1698 moenia
600 1661 726 1718 quae
748 1639 862 1698 vidi
883 1685 898 1710 ‚
923 1652 976 1696 et
999 1660 1127 1696 cum
1157 1639 1304 1713 fingo
1324 1635 1694 1696 Alexandriae1
1710 1658 1837 1716 quae

108 1747 220 1789 non
244 1726 390 1798 vidi,
424 1727 758 1807 easdemque
789 1726 1134 1801 imaginarias
1171 1725 1374 1783 formas
1411 1724 1675 1805 quanam
1706 1724 1836 1804 qui-

106 1813 339 1871 busdam
362 1814 679 1894 praeferenS‚
706 1813 1103 1871 rationabiliter
1124 1812 1359 1892 praefero
1377 1858 1391 1883 ,
1420 1813 1565 1887 viget
1587 1825 1639 1870 et
1668 1812 1837 1869 claret

108 1900 340 1980 desuper
363 1902 641 1977 judicium
671 1902 910 1960 veritatis
931 1946 947 1971 ‚
993 1922 1057 1958 ac
1087 1901 1167 1958 sui
1189 1900 1328 1975 juris
1357 1900 1837 1979 incorruptissimis

106 1989 304 2063 regulis
342 1991 565 2047 firmum
611 2002 689 2046 est
720 2011 734 2046 ε
768 2001 822 2046 et
850 1988 894 2046 si
926 1987 1294 2068 corporalium
1338 1987 1637 2062 imaginum
1677 1986 1834 2066 quasi

106 2078 347 2156 quodam
386 2077 580 2136 nubilo
612 2077 916 2136 subtexitur
937 2122 951 2147 ,
982 2098 1094 2134 non
1125 2090 1304 2134 tamen
1337 2074 1638 2133 involvitur
1670 2087 1832 2154 atque

107 2163 486 2234 confunditur.

186 2254 284 2312 XI.
340 2253 443 2310 Sed
469 2253 686 2311 interest
713 2264 897 2309 utrum
923 2271 1019 2325 ego
1047 2250 1150 2307 sub
1172 2248 1264 2306 illa
1283 2248 1370 2308 vel
1393 2247 1450 2306 in
1466 2248 1559 2306 illa
1577 2248 1828 2324 caligine,

109 2351 368 2418 tanquam
415 2363 443 2397 a
475 2341 618 2398 coelo
655 2340 946 2419 perspicuo
979 2336 1256 2405 secludar3
1290 2358 1359 2393 an
1398 2337 1540 2394 sicut
1577 2336 1637 2394 in
1681 2336 1833 2393 altis-

106 2427 252 2483 simis
281 2428 561 2485 montibus
584 2427 830 2484 accidere
852 2425 1163 2494 solet,inte1·
1186 2437 1478 2503 utrumque
1506 2429 1631 2482 a‘ere
1656 2425 1832 2483 libero

103 2515 287 2572 fruens
314 2528 367 2571 et
401 2516 791 2573 serenissimam
814 2515 993 2572 lucem
1016 2534 1205 2593 supra,
1225 2525 1277 2570 et
1300 2512 1636 2571 densissimas
1662 2514 1835 2571 nebu-

105 2599 182 2658 las
210 2602 395 2659 subter
430 2602 708 2682 aspiciam.
753 2603 892 2659 Nam
927 2601 1069 2658 unde
1090 2602 1147 2658 in
1172 2622 1257 2657 me
1276 2599 1501 2657 fraterni
1530 2601 1726 2658 amoris
1745 2600 1834 2657 in-

105 2688 416 2746 flammatur
459 2689 647 2759 ardor,
683 2711 809 2747 cum
853 2689 1014 2747 audio
1061 2689 1241 2747 virum
1279 2687 1515 2768 aliquem
1562 2709 1665 2767 pro
1703 2687 1833 2746 fidei

104 2777 520 2855 pulchritudine
551 2791 603 2835 et
624 2779 879 2836 firmitate
910 2778 1054 2836 acria
1084 2789 1353 2834 tormenta
1378 2775 1663 2834 tolerasse?
1690 2778 1763 2833 Et
1790 2777 1836 2833 si

105 2863 245 2920 mihi
281 2863 451 2938 digito
486 2865 802 2922 ostendatur
829 2866 944 2945 ipse
969 2865 1137 2922 homo
1156 2909 1171 2934 ‚
1207 2862 1397 2920 studeo
1423 2863 1559 2920 mihi
1590 2868 1829 2939 conjun-

106 2972 227 3025 gere
248 2997 262 3022 ‚
290 2964 481 3009 notum
517 2952 691 3010 facere
713 3000 727 3024 ,
754 2952 991 3010 amicitia
1021 2951 1292 3026 colligare.
1324 2952 1515 3031 ltaque
1536 2951 1580 3008 si
1597 2950 1829 3009 facultas

106 3038 268 3097 datur
290 3085 305 3110 ‚
345 3038 543 3097 accedo
569 3085 584 3110 ‚
618 3040 865 3120 alloquor
886 3086 900 3111 ,
945 3059 1248 3097 sermonem
1286 3038 1539 3111 confem,
1574 3040 1826 3097 affectum

168 3176 182 3206 l
208 3174 387 3216 Sabaudi
403 3206 414 3228 ,
431 3175 589 3218 moenia.
