2144 3808
337 356 444 396 112
860 359 910 396 S.
960 358 1266 399 AUGUSTINI
1306 359 1566 400 EPISCOPI

325 459 448 496 rum
462 438 588 496 haec
608 459 719 496 non
734 453 813 497 est
831 440 1175 520 inaequalitas
1192 441 1534 514 substantiae,
1555 441 1646 500 sed
1665 442 1800 501 ordo
1819 457 2060 503 naturae:

323 546 438 585 non
469 525 621 607 quod
647 525 787 587 alter
825 528 983 607 prior
1006 541 1140 585 esset
1169 528 1358 597 altere,
1390 530 1483 587 sed
1509 531 1662 611 quod
1688 531 1825 591 alter
1852 545 1984 591 esset
2006 554 2067 591 ex

328 613 514 674 altero,
545 616 857 696 Oportebat
882 637 1009 691 ergo
1042 617 1258 697 operari
1286 638 1412 675 eum
1435 620 1531 699 qui
1556 622 1756 680 missus
1773 637 1874 695 est,
1902 633 2069 703 opera

326 706 442 777 ejus
464 725 495 761 a
525 724 635 783 quo
657 704 848 761 missus
869 717 979 762 est.
1005 717 1059 762 et
1080 726 1208 786 quae
1231 718 1358 763 sunt
1386 727 1553 788 opera
1580 712 1783 782 Patris,
1813 733 1939 791 quae
1956 733 2069 770 non

327 805 454 849 sunt
482 804 540 850 et
571 791 727 860 Filii;
759 813 888 851 cum
914 793 1066 852 dlcat
1081 794 1226 853 idem
1249 794 1462 853 Filius:
1496 823 1523 850 «
1551 798 1936 880 Quaecumque
1959 804 2070 858 Pa-

328 905 356 934 »
379 894 461 939 ter
489 879 644 953 facit,
678 881 803 939 haec
833 894 888 939 et
920 881 1088 940 Filius
1111 883 1356 941 similiter
1383 883 1556 943 f1c1t1
1576 890 1600 944 P
1621 914 1648 940 »
1673 887 1861 968 Opera
1883 900 2072 947 tamen

326 970 504 1028 Patris
531 990 640 1028 esse
657 968 823 1029 dicit.
810 973 834 1017 D
862 991 974 1029 non
995 971 1142 1029 enim
1161 972 1508 1032 obliviscitur
1530 997 1554 1032 a
1590 997 1701 1055 quo
1724 977 1828 1034 sit:
1858 1000 1887 1035 a
1907 981 2074 1035 Patre

328 1081 539 1141 quippe
557 1058 638 1117 illi
659 1072 771 1131 est
808 1072 871 1118 ut
911 1075 1165 1141 operator
1188 1062 1380 1130 talium
1412 1085 1641 1144 operum
1667 1066 1752 1125 sit.
1786 1066 1922 1125 Haec
1968 1089 2074 1126 au-

326 1160 437 1207 tem
465 1170 561 1209 vos
579 1149 657 1207 ita
680 1148 1000 1226 intelligitis,
1029 1164 1091 1209 ut
1118 1151 1254 1210 hinc
1273 1153 1435 1210 etiam
1462 1154 1665 1234 putetis
1690 1158 1912 1213 Patrem
1933 1155 2071 1215 Filio

335 1258 444 1296 esse
489 1241 776 1314 majorem,
807 1238 938 1318 quia
970 1238 1106 1297 dixit
1128 1262 1400 1321 passerem
1426 1263 1538 1300 non
1567 1242 1759 1302 cadere
1789 1243 1845 1302 in
1874 1256 2076 1302 terram

333 1328 446 1385 sine
462 1328 639 1385 Patris
658 1327 942 1387 voluntate
957 1329 1005 1399 2,
1027 1330 1182 1409 quasi
1207 1331 1371 1388 cadat
1393 1333 1505 1389 sine
1525 1332 1808 1391 voluntate
1828 1333 1969 1393 Filii.
1992 1336 2077 1392 An

334 1436 508 1497 usque
547 1415 684 1473 adeo
711 1416 980 1484 minorem
1001 1417 1169 1475 vultis
1193 1419 1393 1477 Filium
1410 1466 1424 1491 ‚
1455 1434 1514 1477 ut
1533 1441 1642 1478 non
1668 1421 2077 1503 habeatin'po-
2100 1431 2102 1435 “

334 1518 524 1564 testate
566 1526 668 1563 nec
691 1509 968 1584 passeres?
1016 1506 1124 1565 Sed
1167 1507 1212 1564 si
1247 1529 1358 1566 non
1389 1508 1554 1567 vultis
1579 1509 1713 1567 huic
1740 1510 1941 1586 regulae
1979 1532 2077 1570 ac-

335 1594 633 1675 quiescere..
654 1606 716 1651 ut
736 1593 1074 1674 ubicumque
1093 1595 1328 1670 legeritis
1351 1597 1409 1654 in
1425 1598 1748 1655 auctoritate
1762 1599 2078 1657 divinorum

334 1682 722 1763 Eloquiorum‚
748 1702 859 1761 quo
873 1682 1053 1740 minor
1075 1684 1237 1741 Patre
1266 1683 1429 1742 Filius
1448 1685 1702 1744 videatur
1723 1687 1956 1756 ostendi,
1983 1700 2079 1746 aut

335 1794 397 1831 ex
434 1772 611 1831 forma
640 1771 779 1830 servi
806 1769 1018 1830 dictum
1051 1772 1334 1853 accipiatis
1358 1820 1372 1845 ,
1408 1775 1466 1831 in
1495 1796 1602 1855 qua
1633 1796 1756 1834 vere
1784 1777 1963 1834 minor
2000 1789 2080 1835 est

334 1863 533 1931 Patre;
569 1874 664 1919 aut
682 1859 805 1918 ideo
825 1859 1061 1933 dictum,
1085 1882 1198 1942 quo
1221 1883 1333 1920 non
1363 1861 1763 1921 demonstretur
1785 1868 1961 1940 major
1998 1863 2080 1923 vel

335 1951 518 2010 minor
540 1950 685 2009 ullus
710 1970 819 2007 esse
845 1947 1037 2020 altere,
1089 1950 1178 2007 sed
1206 1949 1610 2008 demonstretur
1630 1973 1737 2009 esse
1762 1951 1896 2010 alter
1915 1974 1974 2010 ex
2004 1953 2080 2011 al-

336 2055 485 2100 tero:
516 2042 562 2098 si
586 2039 750 2107 huic,
778 2038 1028 2120 inquam,
1062 2039 1377 2099 rectissimae
1409 2040 1609 2116 regulae
1655 2063 1765 2099 non
1787 2041 1953 2100 vultis
1981 2062 2080 2100 ac·-

334 2130 612 2212 quiescere
633 2173 648 2200 ,
688 2139 833 2185 certe
881 2139 1064 2186 tamen
1097 2148 1288 2186 verum
1319 2129 1417 2185 Dei
1460 2128 1652 2186 Filium
1693 2128 1842 2186 nulla
1873 2130 2082 2188 ratione

338 2218 549 2289 dicetis,
576 2218 620 2276 si
659 2238 772 2275 non
802 2215 1046 2292 ejusdem
1090 2218 1411 2276 substantiae
1441 2224 1598 2293 cujus
1630 2221 1791 2277 Pater
1818 2232 1919 2290 est,
1954 2241 2080 2278 eum

337 2331 449 2369 esse
473 2307 685 2368 dicatis,
719 2308 792 2364 Ut
815 2307 959 2364 enim
977 2307 1284 2365 humanum
1311 2308 1521 2387 aliquid
1540 2308 1722 2367 dicam
1749 2322 1977 2389 propter
1994 2309 2079 2367 in-

336 2398 651 2465 firmitatem
694 2393 1041 2465 carnalium3
1071 2417 1200 2454 cum
1227 2395 1478 2454 homines
1526 2395 1638 2454 duo
1669 2410 1817 2469 sunt,
1844 2410 2002 2477 pater
2028 2409 2081 2455 et

341 2486 508 2557 filius,
546 2484 588 2542 si
610 2481 870 2542 obediens
899 2483 967 2540 sit
989 2484 1137 2563 patri
1161 2483 1307 2542 filius
1327 2497 1381 2542 et
1420 2483 1601 2564 aliqua
1623 2485 1877 2542 existente
1918 2505 2082 2542 eausa

340 2588 494 2652 roget
518 2586 756 2655 patrem,
784 2572 985 2647 gratias
1010 2586 1132 2649 agat
1162 2573 1332 2653 patri,
1356 2574 1540 2653 aliquo
1572 2572 1806 2653 denique
1828 2573 2082 2631 mittatur

338 2687 369 2722 a
402 2676 578 2744 patre,
611 2659 710 2719 ubi
728 2670 781 2717 se
805 2658 955 2718 dicat
970 2682 1082 2718 non
1109 2661 1314 2720 venisse
1331 2660 1506 2719 facere
1530 2661 1870 2719 voluntatem
1893 2681 2076 2733 suam,

340 2752 430 2810 sed
466 2755 582 2827 ejus
606 2771 635 2807 a
660 2768 773 2828 quo
799 2747 989 2806 missus
1018 2762 1129 2817 est;
1163 2748 1436 2829 numquid
1456 2749 1598 2807 ‘hine
1621 2748 1927 2806 ostenditur
1968 2769 2081 2806 non

338 2830 756 2916 ejusdeni'cujus
785 2849 941 2917 pater
959 2849 1038 2895 est
1066 2858 1176 2895 esse
1205 2836 1568 2895 substantiae?
1600 2839 1716 2894 Cur
1737 2859 1863 2913 ergo
1884 2837 1983 2895 ubi
2009 2836 2078 2894 de

338 2929 477 2987 Filio
503 2926 604 2984 Dei
634 2923 760 2983 talia
788 2925 986 3000 legitiS‚
1020 2926 1201 2985 statim
1225 2926 1278 2983 in
1305 2939 1520 2984 tantum
1544 2925 1887 3002 sacrilegium
1913 2924 2077 2984 corde

335 3030 497 3097 atque
542 3034 633 3072 ore
655 3013 917 3092 proruitis
941 3058 955 3083 ‚
995 3026 1057 3072 ut
1078 3014 1190 3073 veri
1220 3013 1342 3072 Filii
1376 3015 1475 3072 Dei
1513 3035 1680 3073 unam
1719 3013 2078 3094 eamdemque

336 3125 463 3164 cum
488 3104 650 3161 Patre
673 3098 1033 3158 substantiam
1063 3121 1175 3158 non
1203 3114 1282 3158 est
1312 3101 1545 3160 credatis
1577 3115 1738 3182 atque
1760 3100 1995 3159 dicatis?

412 3203 478 3271 9⁰
505 3185 661 3262 Quid
693 3183 847 3267 quod
875 3187 1037 3246 etiam
1077 3188 1219 3249 illud
1255 3189 1803 3250 commemorandum
1830 3188 2071 3270 putasti,

392 3299 405 3327 ¹
427 3298 548 3338 Joan.
573 3306 615 3347 V,
641 3303 711 3341 ¹9.
734 3286 826 3323 -2
847 3291 997 3333 Mutua.
1023 3305 1064 3343 x,
1090 3306 1162 3345 29·
