2144 3808
299 349 415 424 {282
816 365 863 412 5.,
914 363 1222 410 1001151101
1265 360 1525 404 1111560111

298 454 450 525 Deus
477 469 589 522 non
619 447 688 520 ad
715 461 934 527 tempus
965 445 1115 512 videt
1136 490 1151 518 ,
1194 466 1294 503 nec
1330 442 1538 524 aliquid
1565 442 1694 502 novi
1738 443 1800 501 fit
1828 441 1887 500 in
1916 445 2031 518 ejus

297 538 505 613 visione
535 550 696 617 atque
717 536 940 598 scientia
959 581 974 606 ‚
1001 556 1127 598 cum
1152 532 1359 614 aliquid
1392 531 1764 613 temporaliter
1795 552 1858 589 ac
1882 544 2042 588 tran«

304 627 489 699 5110116
509 627 746 701 geritur,
780 625 923 693 sieut
960 623 1088 690 inde
1114 623 1430 681 afficiuntur
1461 642 1642 679 sensus
1671 619 1758 679 vel
1793 617 2035 680 carnales

302 713 618 786 animalium
643 725 698 770 et
719 712 1044 783 hominum,
1071 710 1159 769 vel
1186 711 1347 772 etiam
1388 707 1630 770 coelestes
1675 709 2027 789 Angelorum.
2093 704 2116 711 ‘

384 801 484 864 XI.
524 802 593 858 In
621 801 726 873 iste
745 799 953 880 quippe
981 797 1267 862 manifesto
1298 818 1422 855 sexu
1459 795 1684 858 masculi
1713 809 1766 853 et
1791 794 2039 868 foeminae

303 869 582 969 apostolus
610 887 816 946 Paulus
848 885 1161 953 occultioris
1189 906 1277 960 60]
1267 884 1477 947 usdam
1502 884 1579 942 rei
1604 885 1674 959 fig
1649 904 1862 943 out-asse
1885 902 2039 961 mys-

302 977 500 1051 terium
520 1024 535 1049 ‚
551 976 638 1046 vel
654 976 790 1049 hinc
806 975 1035 1049 intelligi
1056 987 1233 1053 potest
1254 1020 1269 1045 ,
1295 973 1447 1052 quod
1464 993 1589 1037 cum
1606 972 1711 1030 alio
1727 972 1849 1031 loco
1865 970 2036 1041 dicat,

302 1085 486 1136 veram
509 1063 737 1135 viduam
760 1082 870 1127 esse
894 1060 1186 1125 desolatam
1213 1106 1227 1130 ‚
1263 1061 1376 1126 Sine
1399 1059 1522 1124 filiis
1550 1072 1604 1120 et
1625 1059 1920 1138 nepotibus
1941 1105 1956 1129 ‚
1990 1070 2042 1114 et

302 1165 486 1229 tamen
510 1171 627 1208 eam
653 1169 870 1229 sperare
902 1147 1099 1205 debere
1122 1147 1179 1210 in
1212 1148 1512 1213 Dominum
1531 1194 1545 1219 ‚
1590 1161 1644 1209 et
1672 1147 1952 1227 persistere
1986 1147 2045 1204 in

303 1237 647 1308 orationibus
663 1249 821 1294 nocte
839 1249 892 1294 et
908 1235 996 1293 die
1017 1234 1038 1272 4
1062 1257 1076 1292 z
1108 1235 1202 1293 hic
1227 1235 1436 1302 indicat
1458 1234 1742 1298 mulierem
1766 1233 2045 1305 seductam

304 1326 364 1398 in
392 1325 856 1405 ‘praevaricatione
885 1323 1092 1385 factam
1117 1370 1134 1397 2
1177 1323 1384 1389 salvam
1412 1325 1530 1389 fieri
1557 1345 1656 1404 per
1684 1322 1922 1383 filiorum
1952 1342 2047 1396 ge.-

304 1414 663 1487 'nerationem
702 1414 773 1472 Et
804 1412 1048 1483 addidit,
1078 1438 1104 1464 <c
1132 1411 1190 1481 Si
1219 1413 1617 1492 permanserint
1650 1411 1708 1474 in
1737 1410 1846 1472 fide
1880 1422 1932 1467 et
1957 1408 2048 1470 di-

309 1527 338 1556 »
365 1501 600 1561 lectione
622 1513 674 1558 et
694 1500 1127 1564 sanctificatione
1152 1521 1278 1563 cum
1300 1500 1589 1566 sobrietate
1611 1499 1654 1557 2.
1678 1525 1704 1551 »
1729 1497 1899 1569 Quasi
1922 1517 2048 1556 vero

310 1591 481 1671 possit
505 1591 692 1661 obesse
721 1590 886 1647 bonae
910 1589 1096 1648 viduae
1114 1635 1128 1661 ,
1165 1589 1209 1647 si
1230 1589 1315 1648 vel
1339 1589 1478 1650 filios
1507 1610 1619 1650 non
1653 1587 1883 1659 hahuit,
1908 1586 1992 1645 vel
2012 1586 2051 1643 ii

311 1701 447 1759 quos
477 1679 770 1750 habuerit,
815 1679 873 1748 in
904 1678 1064 1742 bonis
1104 1678 1363 1758 operibus
1405 1698 1721 1758 permanere
1751 1677 2042 1747 noluerint.

313 1767 423 1827 Sed
453 1767 584 1847 quia
612 1789 673 1825 ea
717 1788 843 1847 quae
888 1766 1151 1825 dicuntur
1194 1788 1360 1847 opera
1407 1767 1550 1828 bona
1573 1813 1587 1837 ‚
1648 1778 1911 1844 tanquam
1954 1763 2055 1822 filii

312 1869 440 1921 sunt
461 1855 590 1914 vitae
614 1869 818 1920 nostrae
841 1901 855 1925 ‚
899 1855 1200 1912 secundum
1237 1876 1403 1934 quam
1440 1854 1708 1934 quaeritur
1736 1858 1893 1929 cujus
1925 1852 2054 1921 yitae

312 1943 382 2011 sit
403 1942 660 2021 quisque,
695 1941 751 1998 id
777 1955 854 1998 est
870 1987 885 2012 ,
913 1942 1192 2021 quomodo
1219 1956 1340 2016 agat
1362 1943 1487 2000 haec
1511 1941 1862 2021 temporalia,
1887 1962 2054 2021 quar-n

314 2029 486 2100 vitam
518 2028 702 2092 Graeci
740 2050 852 2087 non
883 2028 1010 2096 ζωὴν
1038 2076 1052 2101 ,
1095 2028 1187 2094 sed
1225 2033 1328 2102 βίον
1361 2043 1593 2097 vocant3
1640 2043 1693 2086 et
1736 2029 1859 2088 haec
1892 2050 2056 2107 opera

315 2116 466 2192 bona
493 2115 722 2187 maxime
747 2115 803 2173 in
839 2115 1030 2187 officiis
1068 2116 1456 2183 misericordiae
1485 2116 1817 2197 frequentari
1844 2115 2054 2183 solent3

316 2225 484 2283 opera
506 2223 634 2266 vero
659 2202 1047 2269 misericordiae
1076 2203 1220 2271 nihil
1245 2217 1506 2283 prosunt,
1531 2205 1640 2266 sive
1663 2204 1923 2280 Pagani8‚
1949 2203 2058 2263 sive

318 2293 350 2362 J
358 2291 529 2365 udaeis
557 2290 654 2371 qui
681 2291 904 2351 Christo
928 2310 1041 2359 11011
1070 2292 1303 2358 eredunt
1320 2340 1335 2364 ‚
1368 2294 1479 2355 sive
1498 2293 1810 2374 quibusque
1832 2292 2061 2361 11661611-

319 2380 397 2453 cis
428 2380 515 2457 vel
543 2379 906 2448 schismaticis
925 2427 939 2452 ‚
966 2381 1065 2445 ubi
1087 2381 1221 2447 fides
1250 2394 1303 2440 et
1327 2381 1549 2446 dilectio
1572 2395 1624 2442 et
1647 2381 1831 2440 sobria
1854 2380 2060 2440 sancti-

316 2467 504 2545 ficatio
527 2488 637 2525 non
654 2467 935 2534 invenitur
960 2491 974 2525 ι
1007 2467 1354 2534 manifestum
1371 2483 1449 2534 est
1470 2469 1606 2550 quid
1634 2469 1926 2550 Apostolus
1947 2468 2061 2544 sig-

317 2555 546 2622 nificare
563 2554 827 2630 voluerit3
846 2556 971 2626 ideo
986 2557 1216 2633 figurate
1229 2579 1292 2618 ac
1305 2560 1554 2637 mystice,
1587 2558 1716 2637 quia
1742 2557 1809 2616 de
1829 2555 2062 2616 velando

310 2643 569 2716 'mulieri-s,
597 2643 777 2724 capite
799 2645 1132 2725 loquebatur
1153 2647 1199 2718 3,
1229 2647 1383 2727 quod
1411 2647 1515 2710 nisi
1543 2645 1611 2707 ad
1639 2645 1863 2726 aliquod
1885 2665 2063 2706 secre-

320 2742 440 2796 tum
463 2732 791 2802 sacramenti
819 2731 1104 2805 referatur,
1131 2733 1292 2794 inane
1319 2734 1638 2797 remanebit.

403 2821 534 2889 XII.
570 2819 726 2879 Sicut
744 2821 888 2880 enim
907 2842 1018 2887 non
1040 2819 1217 2886 solum
1234 2822 1577 2883 veracissima
1600 2824 1738 2881 ratio
1756 2868 1771 2893 ,
1791 2820 1884 2879 sed
1902 2821 2063 2879 etiam

324 2908 498 2989 ipsius
517 2908 767 2988 Apostoli
785 2909 1026 2972 declarat
1046 2911 1341 2971 auctoritas
1355 2957 1369 2982 ‚
1386 2932 1499 2969 non
1511 2910 1814 2971 seeundum
1831 2909 2064 2967 formam

323 2996 573 3075 corporis
598 2996 767 3066 homo
788 2997 967 3059 factus
986 3013 1064 3066 est
1085 2998 1154 3058 ad
1169 2999 1461 3076 imaginem
1487 3000 1616 3071 Dei,
1650 2998 1742 3058 sed
1767 2996 2068 3067 secundum

319 3082 644 3152 rationalem
671 3098 927 3154 mentem.
970 3087 1246 3163 Cogitatio
1273 3087 1485 3169 quippe
1514 3089 1751 3168 turpiter
1779 3102 1920 3146 vana
1948 3097 2026 3143 est
2045 3132 2060 3154 ‚

311 3189 441 3250 (ΕΦ
459 3169 720 3250 9Ρ1Ηὲῑ1ῑᾞ
744 3172 924 3242 Deum
947 3174 1322 3240 membrorum
1338 3175 1708 3256 corporalium
1719 3172 2069 3234 lineamentis

379 3275 435 3315 ¹1
470 3273 573 3317 Tim,
606 3289 645 3326 v,
669 3275 709 3317 5.
730 3296 785 3305 —
807 3273 826 3303 2
852 3276 912 3317 Id,
932 3291 983 3329 η,
1006 3279 1074 3320 15,
1097 3301 1153 3309 .-.
1173 3277 1192 3308 3
1223 3296 1238 3320 1
1266 3285 1363 3333 Cffl’·
1391 3294 1449 3330 11,
1474 3296 1512 3331 7·
