2144 3808
301 295 422 369 344
819 319 863 358 s.
916 316 1223 357 mensum
1264 314 1536 356 EPIscom:

301 395 426 462 Hoc
447 410 500 455 et
522 395 592 478 de
612 398 860 458 bonitate
882 446 896 471 ‚
924 412 979 458 et
1001 398 1069 458 de
1093 400 1396 459 aeternitate
1417 447 1431 473 ,
1461 413 1514 458 et
1540 398 1610 457 de
1637 401 2032 482 omnipotentia

298 486 640 546 Dei'dictum
661 489 760 560 sit,
790 489 1158 570 omnibusque
1187 489 1411 548 omnino
1432 487 1874 570 praedicamentis
1905 511 2033 572 quae

299 573 369 636 de
397 576 513 635 Deo
536 590 766 658 possunt
799 578 1147 658 pronuntiari
1173 624 1188 648 ‚
1217 577 1369 658 quod
1403 578 1471 636 ad
1507 600 1559 636 se
1588 579 1767 659 ipsum
1800 577 2028 651 dicitur3

297 687 409 724 non
436 666 690 724 translate
708 688 770 725 ac
793 689 894 747 per
915 666 1326 725 similitudinem
1345 714 1359 739 ,
1381 667 1472 725 sed
1496 668 1720 748 proprie
1743 690 1758 726 ε
1786 668 1831 726 si
1852 681 2035 726 tamen

300 754 370 814 de
389 755 485 813 illo
515 756 741 836 proprie
763 755 972 836 aliquid
996 756 1106 815 diei
1130 778 1221 814 ore
1246 756 1486 815 hominis
1508 769 1703 836 potest.

301 898 303 900 .
382 845 512 905 Xll.
554 845 721 918 Quod
751 859 932 904 autem
963 846 1188 926 proprie
1216 845 1430 922 singula
1467 847 1526 904 in
1551 845 1736 904 eadem
1769 844 2036 903 Trinitate

299 931 586 1005 dicuintur,
618 933 773 992 nullo
794 933 959 991 modo
978 934 1047 991 ad
1071 956 1124 992 se
1151 935 1269 1014 ipsa
1285 981 1300 1005 ,
1333 935 1427 993 sed
1459 935 1530 994 ad
1553 935 1787 994 invicem
1808 981 1822 1005 ‚
1844 947 1940 992 aut
1967 933 2037 992 ad

301 1035 607 1080 creaturam
630 1022 896 1080 dicuntur
920 1047 934 1090 ;
966 1035 1020 1079 et
1047 1022 1170 1079 ideo
1195 1023 1416 1080 relative
1433 1070 1447 1094 ‚
1480 1044 1591 1081 non
1612 1021 2040 1081 substantialiter

302 1131 366 1168 ea
403 1110 516 1168 dici
553 1109 901 1168 manifestum
943 1122 1035 1168 est.
1088 1109 1246 1168 Sicut
1271 1111 1418 1168 enim
1449 1111 1687 1169 Trinitas
1726 1132 1868 1169 unus
1898 1112 2040 1167 Deus

302 1197 531 1270 dicitur,
573 1218 805 1274 magnus
828 1244 842 1268 ‚
875 1198 1055 1255 bonus
1076 1244 1091 1269 ,
1138 1211 1373 1257 aeternus
1395 1245 1410 1265 ‚
1442 1200 1820 1280 oninipotenS‚
1860 1198 2042 1256 idem-

301 1308 410 1369 que
427 1287 545 1367 ipse
577 1308 675 1344 sua
708 1286 785 1344 sic
818 1285 930 1344 dici
952 1299 1133 1366 potest
1163 1286 1363 1360 deitaS‚
1405 1289 1521 1369 ipse
1550 1309 1646 1346 sua
1689 1285 2040 1364 magnitud0‚

302 1376 421 1456 ipse
440 1398 536 1434 sua
560 1375 782 1433 bonitas
801 1421 815 1446 ‚
844 1376 962 1455 ipse
986 1397 1083 1433 sua
1104 1378 1377 1436 aeternitas
1399 1425 1414 1449 ,
1442 1378 1562 1458 ipse
1582 1399 1677 1435 sua
1707 1376 2050 1456 omnipoten-

306 1465 406 1536 tia,
428 1486 542 1522 non
569 1465 646 1522 sic
675 1477 857 1544 potest
886 1464 999 1522 diei
1029 1464 1270 1523 Trinitas
1297 1468 1483 1535 Pater,
1511 1467 1615 1524 nisi
1635 1466 1776 1524 forte
1797 1463 2052 1522 translate

308 1554 380 1628 ad
417 1568 726 1612 ereaturam
759 1567 989 1634 propter
1023 1554 1378 1634 adoptionem
1401 1555 1659 1615 filiorum.
1711 1554 1877 1627 Quod
1906 1552 2053 1611 enim

306 1643 577 1723 scriptum
607 1656 684 1700 est
709 1665 723 1699 ε
753 1669 780 1695 «
801 1642 948 1700 Audi
972 1689 986 1713 ‚
1020 1643 1191 1701 Israel
1212 1690 1226 1715 ‚
1261 1644 1531 1701 Dominus
1558 1649 1710 1702 Deus
1740 1657 1895 1714 tum,
1923 1643 2055 1698 *Do-

307 1757 337 1787 ›>
362 1731 543 1789 minus
560 1752 704 1790 unus
731 1729 867 1801 est1,
890 1756 916 1783 >2
941 1752 1054 1788 non
1068 1724 1257 1811 utique
1273 1745 1498 1813 excepto
1516 1732 1676 1803 Filio,
1708 1745 1804 1790 aut
1827 1742 2054 1810 excepto

309 1820 527 1902 Spiritu
568 1833 755 1879 sancto
788 1833 1007 1900 oportet
1045 1820 1308 1897 intelligi,
1346 1843 1512 1902 quem
1548 1842 1720 1879 unum
1753 1819 2076 1887 Dominum,

310 1910 491 1968 Deum
519 1922 766 1967 nostrum
796 1921 942 1966 recte
973 1908 1209 1967 dicimus
1236 1909 1401 1968 etiam
1440 1924 1654 1990 patrem
1681 1922 1929 1968 nostrum
1957 1927 2060 1986 per

313 1998 544 2075 gratiam
585 1995 739 2055 suain
781 2018 878 2054 nos
915 2011 1342 2072 regenerantem.
1392 1999 1631 2056 Trinitas
1672 2011 1854 2056 autem
1885 1995 2057 2054 Filius

314 2085 471 2145 nullo
497 2085 663 2144 modo
694 2084 808 2143 dici
837 2098 1037 2165 potest.
1078 2086 1317 2166 Spiritus
1345 2108 1473 2145 vero
1505 2099 1724 2144 sanctus
1756 2083 2061 2143 secundum

312 2175 375 2235 id
397 2174 549 2255 quod
572 2175 845 2255 scriptum
867 2187 948 2232 est
972 2196 987 2231 ι
1018 2200 1044 2226 «
1069 2175 1349 2246 Quoniam
1379 2175 1523 2233 Deus
1545 2176 1767 2256 spiritus
1783 2174 1921 2245 est‘'⁴‚
1951 2193 2062 2253 po-

315 2277 419 2323 test
445 2263 669 2346 quidem
704 2262 1081 2322 universaliter
1120 2263 1233 2322 diei
1252 2310 1267 2335 ‚
1311 2264 1444 2345 quia
1470 2277 1522 2322 et
1553 2267 1716 2323 Pater
1759 2263 1982 2345 spiritus
2011 2274 2066 2320 et

317 2353 490 2413 Filius
507 2354 730 2435 spiritus
748 2399 764 2425 ‚
798 2366 851 2411 et
876 2357 1036 2411 Pater
1066 2366 1285 2412 sanctus
1307 2367 1361 2411 et
1385 2354 1554 2412 Filius
1588 2367 1827 2412 sanctuS.
1866 2354 2062 2432 Itaque

321 2444 508 2513 Pater,
537 2455 590 2500 et
614 2442 813 2514 Filius,
834 2455 888 2500 et
910 2442 1147 2523 Spiritus
1167 2456 1386 2501 sanctus
1402 2489 1415 2513 ‚
1441 2444 1703 2525 quoniam
1734 2463 1876 2501 unus
1894 2442 2062 2511 DeuS‚

324 2544 382 2590 et
410 2531 601 2612 utique
638 2531 786 2588 Deus
824 2543 1045 2589 sanctus
1071 2545 1183 2603 est,
1230 2544 1283 2589 et
1313 2532 1459 2589 Deus
1495 2531 1719 2612 spiritus
1745 2543 1854 2601 est,
1888 2541 2069 2610 potest

325 2617 593 2700 appellari
614 2617 928 2689 Trinitasbet
954 2618 1195 2699 Spiritus
1216 2632 1452 2678 sanctus,
1488 2618 1593 2676 Sed
1616 2631 1797 2676 tamen
1821 2616 1913 2675 ille
1943 2615 2068 2696 Spi-

325 2710 464 2769 ritus
495 2720 714 2766 sanctus
736 2707 835 2787 qui
857 2729 969 2766 non
1001 2709 1239 2767 'trinitas
1258 2755 1271 2779 ,
1307 2708 1396 2767 sed
1422 2709 1479 2765 in
1509 2709 1552 2764 T
1559 2707 1777 2765 rinitate
1806 2705 2070 2782 intelligi-

327 2812 443 2868 tur,
472 2798 527 2855 in
550 2797 789 2876 eo,·quod
815 2798 1040 2877 proprie
1069 2798 1275 2856 dieitur
1302 2797 1540 2877 Spiritus
1568 2809 1786 2854 sanctus
1808 2842 1825 2868 ‚
1848 2794 2071 2853 relative

328 2887 556 2956 dicitur,
586 2906 711 2943 cum
733 2899 784 2944 et
806 2886 873 2944 ad
896 2889 1109 2944 Patrem
1133 2886 1269 2945 etad
1294 2886 1490 2944 Filium
1509 2885 1763 2955 refertur,
1787 2884 1918 2966 quia
1945 2882 2070 2963 Spi-

327 2975 465 3033 ritus
488 2987 705 3032 sanctus
732 2988 785 3031 et
808 2974 985 3032 Patris
1006 2987 1059 3032 et
1083 2975 1204 3032 Filii
1223 2975 1445 3055 spiritus
1474 2987 1568 3033 est.
1607 2973 1713 3031 Sed
1731 2974 1848 3053 ipsa
1878 2969 2070 3029 relatio

327 3084 442 3122 non
473 3076 699 3141 apparet
722 3063 781 3120 in
811 3063 921 3120 hoc
947 3064 1200 3131 nomine;
1241 3077 1468 3144 apparet
1499 3076 1679 3122 autem
1706 3083 1834 3120 cum
1868 3059 2072 3118 dieitur

331 3151 542 3211 donum
572 3150 703 3207 Dei³
728 3171 743 3206 ι
778 3149 987 3209 donum
1020 3151 1166 3209 enim
1209 3165 1289 3210 est
1323 3153 1501 3210 Patris
1531 3166 1586 3210 et
1615 3150 1767 3222 Filii,
1803 3149 1932 3229 quia
1961 3160 2014 3206 et
2040 3167 2072 3205 a

396 3254 410 3283 ¹
428 3256 549 3297 Deut.
571 3265 630 3309 vt,
652 3260 693 3302 4,
713 3261 753 3294 et
777 3251 905 3298 Marc.
924 3266 998 3306 xix,
1022 3266 1092 3306 ²9·
1120 3277 1172 3290 --
1194 3252 1212 3285 2
1235 3258 1355 3301 Joan.
1385 3268 1445 3314 xv,
1476 3263 1543 3303 24.
1560 3250 1652 3287 -3
1674 3256 1767 3300 Aet.
1790 3263 1886 3304 vm,
1904 3259 1973 3296 w·
