2144 3808
650 292 725 333 nn
766 287 1091 345 ramirans,
1139 290 1251 330 un.
1300 293 1367 331 11.
1744 272 1862 346 245

121 387 275 453 tura,
299 373 444 434 sicut
469 373 529 436 in
554 366 797 450 ejusdem
830 369 1176 430 narrationis
1191 370 1462 429 exordio·
1502 400 1530 428 ‹<
1557 374 1717 435 Visus
1744 388 1867 450 est,

120 489 149 516 »
170 455 393 544 inquit,
442 454 713 520 Dominus
760 455 1127 534 Abrahae1.»
1157 458 1364 518 Invitat
1401 480 1565 536 ergo,
1608 476 1662 519 et
1687 463 1862 542 pedes

118 551 301 623 lavat,
334 564 387 609 et
417 549 642 609 deducit
681 549 945 609 abeuntes
972 561 1238 629 tanquam
1269 547 1575 607 homines.
1608 549 1864 629 loquitur

30 697 31 701 ,
119 654 296 700 autem
317 653 576 721 tanquam
598 660 730 699 cum
746 639 987 697 Domino
1005 643 1146 709 De0,
1169 636 1280 697 sive
1294 658 1424 695 cum
1441 639 1491 696 ei
1513 639 1861 719 promittitur

116 729 260 788 filius
278 776 294 802 ‚
330 729 441 790 sive
459 751 588 788 cum
609 729 660 787 ei
688 727 943 787 Sodomis
965 725 1254 786 imminens
1272 725 1524 786 interitus
1549 726 1858 787 indicatur.

148 808 150 810 ⁵
194 818 320 878 XX.
365 819 492 876 Non
518 838 750 898 parvam
771 836 948 896 neque
970 814 1339 874 transitoriam
1371 815 1863 875 considerationem

112 905 357 985 postulat
375 906 474 964 iste
498 905 804 986 Scripturae
824 904 996 964 locus,
1033 903 1091 962 Si
1116 903 1262 962 enim
1280 904 1366 964 vir
1386 925 1530 963 unus
1548 904 1698 965 visus
1716 903 1860 962 fuis-

112 1005 223 1065 set,
245 997 366 1070 jam
388 993 471 1053 illi
497 995 596 1075 qui
618 993 814 1052 dicunt
836 1006 890 1051 et
908 993 1064 1073 prius
1088 1012 1258 1073 quam
1279 991 1347 1051 de
1363 992 1577 1069 virgine
1595 1012 1855 1052 nascere-

111 1098 205 1140 tur
230 1102 335 1162 per
357 1103 511 1142 suam
541 1082 907 1141 substantiam
938 1080 1213 1140 visibilem
1248 1081 1483 1154 Filium,
1523 1079 1664 1162 quid
1701 1078 1856 1139 aliud

110 1188 280 1248 quam
323 1171 507 1252 ipsum
543 1192 652 1230 esse
686 1170 1030 1229 clamarent?
1075 1169 1360 1241 Quoniam
1394 1168 1464 1228 de
1509 1170 1675 1229 Patre
1695 1215 1711 1242 ,
1760 1167 1856 1227 in-

109 1256 344 1336 quiunt,
386 1257 602 1318 dictum
644 1271 766 1318 est:
807 1255 1133 1318 «Invisibili
1173 1256 1275 1316 soli
1308 1257 1479 1317 De02.
1508 1284 1536 1312 >2
1572 1259 1645 1316 Et
1672 1270 1859 1315 tamen

106 1366 324 1424 possem
356 1347 544 1407 adhuc
583 1368 858 1428 quaerere,
889 1345 1171 1427 quomodo
1214 1359 1340 1405 ante
1373 1360 1685 1428 susceptam
1729 1365 1860 1403 car-

106 1455 231 1494 nem
253 1482 269 1508 ,
312 1436 515 1497 habitu
544 1450 624 1495 est
662 1437 917 1496 inventus
952 1450 1017 1494 ut
1048 1435 1289 1504 homo33
1326 1434 1778 1517 quandoquidem
1810 1433 1861 1492 ei

105 1521 274 1600 pedes
301 1524 404 1583 loti
420 1538 551 1584 -sunt
574 1537 628 1583 et
654 1524 914 1583 humanis
936 1524 1112 1605 epulis
1136 1523 1393 1605 epulatus
1415 1528 1532 1584 est?
1556 1521 1856 1596 Quomodo

103 1609 255 1668 istud
287 1611 406 1668 fieri
431 1615 686 1691 poterat,
732 1633 865 1670 cum
893 1611 1080 1671 adhuc
1119 1610 1180 1669 in
1207 1611 1385 1669 forma
1414 1611 1516 1669 Dei
1540 1623 1707 1682 esset,
1739 1630 1856 1669 non

104 1696 358 1778 rapinam
403 1698 699 1757 arbitratus
741 1719 851 1756 esse
897 1698 1125 1780 aequalis
1170 1699 1324 1758 Deo?
1371 1697 1659 1778 Numquid
1703 1697 1847 1755 enim

96 1790 215 1861 jam
238 1787 589 1867 semetipsum
619 1787 982 1860 exinanierat,
1013 1788 1248 1847 formam
1282 1789 1420 1848 servi
1450 1786 1727 1868 accipiens
1745 1832 1761 1857 ‚
1792 1783 1854 1842 in

104 1873 461 1932 similitudine
486 1875 800 1933 'hominum
857 1875 1038 1933 factus
1058 1922 1075 1947 ‚
1133 1888 1188 1933 et
1238 1874 1440 1933 habitu
1486 1875 1741 1934 inventus
1790 1885 1854 1930 ut

103 1959 308 2027 homo?
327 1982 463 2027 ,cum
484 1962 596 2022 hoc
616 1961 843 2044 quando
859 1961 1051 2022 fecerit
1068 1984 1170 2044 per
1186 1976 1414 2043 partum
1434 1962 1660 2038 virginis
1677 1981 1852 2019 nove-

101 2048 292 2108 rimus,
344 2048 853 2125 Quomodo'igitur
896 2063 1188 2130 antequam
1231 2051 1345 2120 hoc
1387 2049 1636 2123 fecisset,
1677 2063 1740 2108 ut
1764 2047 1851 2108 vir

102 2155 244 2193 unus
283 2131 562 2216 apparuit⁴
583 2136 870 2195 Abrahae?
912 2138 1001 2196 An
1034 2137 1129 2195 illa
1167 2137 1348 2197 forma
1383 2157 1513 2195 vera
1546 2158 1661 2194 non
1694 2139 1850 2194 erat?

101 2222 322 2281 Possem
352 2225 456 2282 ista
488 2245 763 2303 quaerere,
806 2225 851 2282 si
880 2225 967 2283 vir
995 2245 1138 2283 unus
1159 2225 1502 2306 apparuisset
1526 2223 1806 2297 Abrahae'*
1826 2269 1843 2296 ,

100 2309 357 2392 idemque
390 2311 494 2368 Dei
531 2311 700 2369 Filius
739 2310 1068 2370 crederetur.
1124 2311 1270 2369 Cum
1311 2332 1442 2371 vero
1475 2324 1583 2370 tres
1610 2312 1717 2371 viri
1745 2311 1848 2371 visi

100 2391 260 2471 sunt,
289 2420 390 2457 nec
412 2397 704 2481 quisquam
724 2398 782 2456 in
802 2398 877 2457 eis
903 2398 991 2458 vel
1018 2398 1196 2458 forma
1216 2446 1233 2472 ,
1274 2399 1364 2459 vel
1396 2412 1555 2459 aetate
1571 2447 1587 2473 ,
1619 2399 1708 2462 vel
1734 2421 1847 2480 po-

100 2498 290 2551 testate
318 2490 496 2563 major
518 2487 728 2546 caeteris
750 2486 933 2545 dictus
963 2500 1043 2545 est
1059 2534 1075 2560 ‚
1113 2509 1215 2546 cur
1234 2509 1349 2546 non
1375 2487 1473 2548 hic
1509 2489 1847 2569 accipiamus

98 2573 389 2652 visibiliter
414 2577 746 2636 insinuatam
777 2598 878 2657 per
908 2589 1218 2635 creaturam
1246 2577 1523 2637 visibilem
1560 2577 1848 2636 Trinitatis

100 2663 468 2743 aequalitatem
491 2710 507 2736 ,
534 2679 699 2746 atque
722 2664 783 2723 in
803 2665 983 2723 tribus
1010 2666 1259 2745 personis
1286 2686 1456 2724 unam
1478 2665 1843 2746 eamdemque

100 2749 502 2809 substantiam?

181 2839 335 2897 XXI.
378 2838 520 2896 Nam
537 2859 605 2896 ne
626 2839 918 2920 quisquam
943 2853 1166 2921 putaret
1202 2841 1279 2899 sic
1308 2839 1627 2900 intimatum
1663 2861 1839 2900 unum

98 2925 157 2997 in
180 2926 359 2984 tribus
390 2925 553 2984 fuisse
581 2931 874 3004 majorem,
906 2941 961 2986 et
993 2951 1118 3002 eum
1154 2929 1458 2988 Dominum
1489 2928 1593 2989 Dei
1634 2928 1838 3004 Filium

97 3014 544 3098 intelligendum,
576 3014 714 3074 duos
734 3029 915 3074 autem
944 3016 1075 3075 alios
1107 3018 1343 3095 Angelos
1363 3021 1482 3095 ejus
1502 3064 1518 3091 ,
1547 3016 1678 3098 quia
1701 3009 1834 3075 cum

161 3138 175 3167 ¹
203 3142 313 3181 Gen..
342 3153 478 3187 xvm,
519 3153 557 3182 1.
585 3161 639 3172 --
671 3138 693 3168 2
730 3153 748 3180 x
784 3139 890 3182 Tim.
929 3156 971 3197 1,
1009 3155 1077 3195 ¹7·
1101 3165 1157 3174 -
1180 3140 1199 3172 ³
1231 3142 1384 3201 Philip.
1417 3156 1465 3194 11,
1502 3157 1541 3194 7.
1575 3163 1637 3174 -
1669 3138 1689 3170 ⁴
1729 3144 1839 3184 Gen.

102 3219 234 3256 xvm,
268 3220 308 3249 2.
