2144 3808
332 349 408 410 68
861 371 904 409 S.
959 368 1265 410 Aucusrlm
1308 370 1563 410 Emscorl
1607 387 1613 392 ν

329 453 404 510 tia
436 466 546 525 est,
603 453 746 510 Deus
767 454 949 525 Pater,
981 468 1033 512 et
1059 454 1231 511 homo
1256 467 1428 512 mater
1455 476 1468 511 :
1495 475 1607 512 non
1635 466 1816 511 tamen
1845 450 2054 512 diversa

326 541 629 600 substantia
651 555 748 614 est,
783 544 929 600 Deus
954 544 1118 600 Pater
1154 555 1207 599 et
1244 543 1388 600 Deus
1425 541 1604 599 filius:
1639 541 1780 599 sicut
1810 562 1924 599 non
1976 553 2055 599 est

324 630 537 689 diversa
559 631 887 702 substantia,
916 630 1085 688 homo
1107 643 1299 699 mater,
1334 643 1387 687 et
1411 629 1580 688 homo
1602 630 1766 690 filius,
1797 629 1904 687 Sed
1925 627 2055 687 audi

316 719 455 801 quid
489 719 639 777 dicat
664 719 1045 800 in'prophetia
1069 719 1167 776 iste
1201 718 1368 776 Filius
1396 741 1409 776 z
1445 746 1471 772 c<
1496 719 1577 776 De
1601 732 1810 789 ventre,
1836 718 2044 798 inquit,

319 830 348 862 »
380 807 564 864 matris
591 828 727 864 meae
752 809 898 865 Deus
925 828 1075 865 meus
1097 828 1149 864 es
1178 820 1256 866 tu.
1288 834 1314 860 >2
1345 806 1472 865 Noli
1503 806 1689 864 multis
1745 805 1927 865 verbis
1983 805 2054 865 ad

323 917 440 956 rem
470 918 582 954 non
603 896 911 955 necessariis
936 896 1123 954 conari
1147 897 1358 976 operire
1382 918 1463 954 res
1480 896 1667 956 claraS.
1707 895 1820 968 Qui
1850 907 1929 953 est
1951 896 2054 954 Pa-

323 1003 406 1044 ter
425 985 561 1043 Filio
590 1006 651 1043 ex
675 998 828 1043 utero
849 1006 968 1056 SUO,
995 985 1062 1043 de
1084 985 1262 1044 ventri
1281 985 1467 1043 matris
1497 987 1640 1043 Deus
1664 989 1778 1060 ejus
1809 995 1911 1056 est,
1943 1005 2054 1043 non

326 1074 394 1133 de
427 1096 544 1134 suo,
589 1073 675 1133 Ad
702 1074 813 1132 hoc
857 1096 983 1151 ergo
1022 1096 1245 1155 prorsus
1273 1075 1416 1133 nihil
1445 1074 1772 1155 respondere
1799 1073 2046 1154 potuisti.

410 1163 566 1222 VIII.
592 1163 806 1222 Octavo
832 1162 954 1222 loco
969 1164 1036 1221 de
1049 1164 1409 1240 subjectione,
1434 1186 1540 1244 qua
1555 1164 1836 1240 subjectus
1862 1174 1941 1220 est
1953 1163 2058 1220 Pa-

325 1252 400 1310 tri
430 1251 599 1309 Filius
616 1251 876 1332 respondi
900 1252 1294 1332 tibizquoniam
1322 1251 1549 1310 dixeras:
1588 1255 1699 1311 «De
1722 1273 1818 1309 sua
1832 1250 2056 1326 subjec-

323 1341 474 1399 tione
512 1362 685 1398 unum
735 1341 926 1398 statuit
969 1343 1164 1401 Deum.
1198 1368 1225 1394 2>
1276 1341 1559 1421 Respondi
1596 1361 1722 1416 ergo
1754 1341 1916 1397 etiam
1945 1339 2056 1397 hoc

329 1428 636 1487 secundum
674 1428 958 1486 hominem
993 1443 1139 1487 recte
1173 1429 1374 1509 accipi,
1404 1429 1557 1508 quod
1587 1429 1756 1486 Filius
1802 1425 2056 1485 subditus

322 1531 401 1576 est
422 1517 577 1575 Patri
595 1515 638 1576 1.
678 1516 868 1597 Neque
903 1517 1014 1576 hoc
1041 1539 1150 1575 esse
1180 1517 1518 1589 mirandum,
1552 1538 1679 1576 cum
1707 1516 1919 1592 legatur
1939 1514 2056 1573 uti-
2093 1520 2102 1522 “

325 1629 432 1688 que
457 1606 760 1665 secundum
778 1607 953 1687 ipsam
976 1608 1112 1667 servi
1141 1607 1373 1665 formam
1396 1609 1556 1665 etiam
1583 1606 1906 1688 parentibus
1926 1606 2056 1663 sub-

325 1697 506 1755 ditus:
535 1709 587 1754 et
612 1695 680 1753 de
707 1695 802 1753 illo
823 1696 893 1754 sit
909 1696 1178 1777 scriptum
1198 1743 1213 1768 ,
1243 1724 1269 1750 ε(
1294 1697 1578 1755 Minorasti
1604 1718 1726 1754 eum
1752 1695 1920 1777 paulo
1943 1694 2055 1753 mi-

322 1813 351 1840 »
370 1807 474 1844 nus
502 1786 571 1843 ab
597 1783 853 1867 angelis2.
883 1812 907 1838 ι)
945 1785 1031 1843 Ad
1063 1784 1217 1865 quod
1249 1798 1310 1843 tu
1335 1787 1492 1866 quasi
1518 1785 1854 1867 respondens
1877 1782 2052 1841 dixisti

316 1897 406 1934 me
437 1875 644 1955 optime
692 1876 1070 1954 prosecutum,
1101 1875 1365 1955 qnoniam
1392 1888 1445 1933 et
1473 1875 1797 1956 parentibus
1826 1883 2056 1954 propter

316 1964 555 2024 formam
607 1963 747 2023 servi
781 1977 914 2022 esset
943 1964 1242 2040 subjectus,
1279 1964 1493 2037 ,Deinde
1538 1964 1723 2025 volens
1766 1962 1922 2023 velut
1948 1981 2053 2042 pro

316 2068 371 2113 te
395 2075 504 2112 esse
529 2052 830 2124 ostendere,
853 2052 1005 2133 quod
1029 2066 1218 2111 contra
1241 2066 1293 2111 te
1317 2075 1428 2112 esse
1453 2054 1713 2112 cernebas
1735 2076 1752 2123 ς
1786 2073 1849 2110 ac
1873 2050 1949 2109 sic
1971 2050 2053 2108 in-

321 2143 496 2202 cautis
538 2142 828 2221 minusque
861 2142 1078 2200 attentis
1110 2141 1432 2200 hominibus
1452 2189 1468 2215 ,
1506 2143 1846 2223 quicumque
1882 2151 2054 2198 essent

317 2232 420 2291 ista
460 2231 652 2290 lecturi
678 2277 693 2302 ‚
722 2243 988 2311 tanquam
1021 2231 1440 2311 respondentem
1469 2245 1519 2290 te
1546 2231 1745 2303 facere,
1775 2230 1875 2289 uhi
1901 2227 2054 2309 quod

322 2320 529 2379 diceres
557 2341 671 2377 non
699 2319 984 2388 habebas3
1017 2319 1265 2396 adjungis
1284 2367 1297 2391 ‚
1340 2334 1392 2378 et
1417 2320 1554 2379 dicis
1589 2344 1602 2378 ε
1642 2348 1667 2374 (ι
1694 2320 1751 2379 Si
1780 2319 1925 2378 enim
1944 2340 2053 2399 pa-

315 2409 569 2467 rentibus
593 2407 873 2485 subjectus
894 2409 1171 2468 invenitur
1198 2430 1336 2489 quos
1351 2409 1472 2490 ,ipse
1496 2409 1722 2481 creavit,
1754 2408 1885 2490 quia
1929 2427 2053 2464 om-

315 2499 410 2557 nia
441 2519 540 2578 per
576 2497 757 2577 ipsum
789 2496 935 2556 facta
964 2512 1124 2556 sunt:
1172 2520 1272 2557 nec
1316 2499 1459 2556 enim
1497 2512 1623 2580 post
1643 2498 1915 2578 tempora,
1957 2494 2051 2553 sed

319 2600 443 2647 ante
475 2599 721 2666 tempora
749 2587 1002 2646 novimus
1031 2587 1231 2644 Filium
1258 2588 1497 2663 genitum
1526 2610 1555 2645 a
1583 2589 1776 2644 Patre:
1833 2587 1878 2644 si
1923 2606 2050 2662 ergo

318 2675 664 2757 parentibUS,
684 2675 890 2756 inquiS‚
911 2676 1164 2735 subditus
1177 2690 1312 2746 erat,
1335 2690 1396 2734 ut
1408 2676 1716 2735 divinarum
1740 2676 2052 2757 Scriptura-

319 2788 444 2825 rum
467 2766 898 2844 auctoritasluce
911 2766 1109 2824 clarius
1125 2765 1395 2847 praedicat
1417 2788 1429 2822 ε
1452 2767 1839 2845 quantomagis
1860 2766 2051 2846 utique

317 2854 400 2913 illi
428 2876 525 2911 suo
549 2855 777 2929 genitori
798 2868 876 2912 est
893 2854 1168 2926 subditus,
1203 2855 1297 2935 qui
1324 2868 1535 2912 tantum
1558 2877 1619 2913 ac
1636 2855 1797 2914 talem
1823 2875 1944 2913 eum
1963 2874 2050 2930 ge-

317 2944 474 3011 nuit;
509 2943 809 3001 secundum
838 2944 1086 3025 quod'ait
1115 2944 1361 3003 Paulus:
1397 2971 1423 2998 «
1447 2948 1591 3003 Cum
1630 2946 1811 3003 omnia
1847 2943 2051 3001 fuerint

319 3059 347 3087 2>
382 3032 521 3090 Filio
554 3032 824 3107 subjecta,
858 3046 992 3091 tunc
1022 3033 1209 3114 etipse
1240 3034 1407 3092 Filius
1423 3034 1703 3111 subjectus
1725 3035 1827 3093 erit
1851 3033 1929 3092 illi
1951 3030 2051 3114 qui

317 3122 484 3181 »sibi
511 3121 749 3197 subjecit
785 3122 969 3180 omnia
993 3122 1033 3182 ³.
1061 3149 1087 3177 »
1119 3123 1256 3182 Haec
1303 3125 1471 3184 verba
1517 3138 1611 3183 tua
1653 3141 1873 3208 possent
1908 3151 1934 3186 a
1962 3145 2047 3184 me

314 3211 503 3297 putari
531 3210 681 3269 dicta
707 3232 838 3283 esse,
864 3225 918 3270 et
941 3213 1166 3272 omnino
1193 3235 1311 3273 mea
1327 3236 1457 3287 esse,
1487 3215 1590 3274 nisi
1613 3228 1666 3274 te
1697 3216 2047 3277 audientibus

375 3318 387 3348 ¹
410 3323 506 3359 Luc.
529 3332 576 3371 u,
602 3320 671 3362 51.
694 3341 748 3349 —
767 3316 786 3345 2
807 3317 879 3362 sal.
908 3331 1007 3372 vm,
1031 3321 1134 3367 6.-—
1154 3316 1172 3349 ³
1197 3335 1212 3360 1
1258 3323 1351 3361 Cor.
1370 3335 1437 3371 xv,
1469 3322 1536 3362 28.
