2144 3808
399 311 618 351 CONTRA
659 312 992 351 MAxthUM
1035 311 1318 365 AMANUM,
1366 286 1479 357 Lini
1531 319 1595 358 11.
1771 301 1878 359 103

158 389 431 450 Trinitas:
455 391 577 450 ideo
591 412 693 471 per
713 397 899 451 Jesum
923 392 1231 465 Christum,
1255 395 1407 474 quia,
1429 397 1615 454 utalia
1638 412 1873 472 taceam,

157 481 273 561 ipse
298 479 566 562 praecepit
591 480 862 561 baptizari
890 494 1071 557 gentes
1111 481 1170 539 in
1206 483 1426 541 nomine
1470 485 1650 542 Patris
1678 501 1733 544 et
1758 488 1880 547 Filii

162 581 218 626 et
239 569 477 648 Spiritus
497 566 703 627 sancti1
730 590 744 626 ι
768 569 869 628 ubi
888 570 1172 650 praecipue
1203 570 1586 630 commendata
1608 585 1686 630 est
1707 574 1806 649 huj
1816 597 1876 633 us

155 655 459 716 individuae
499 655 670 733 gloria
692 657 994 716 Trinitatis..
1037 658 1182 716 Deus
1218 658 1439 739 itaque,
1471 659 1624 740 quod
1657 674 1737 718 est
1760 662 1881 742 ipsa

157 744 423 812 Trinitas,
455 757 750 826 propterea
775 745 920 804 solus
949 745 1161 826 sapiens
1181 760 1327 805 recte
1344 746 1569 821 dicitur,
1591 749 1721 829 quia
1742 749 1887 808 solus

154 834 453 894 secundum
473 835 836 894 substantiam
860 857 1016 894 suam
1050 837 1267 917 sapiens
1289 850 1372 895 est
1399 859 1414 895 ε
1449 859 1560 896 non
1583 838 1887 897 secundum

155 923 489 983 accidentem
526 924 613 984 vel
653 918 1003 984 accedentem
1041 926 1526 1006 participationem
1558 927 1840 1009 sapientiae
1866 974 1880 997 ‚

152 1012 295 1071 sicut
321 1013 536 1094 sapiens
576 1026 660 1071 est
689 1013 968 1073 rationalis
996 1035 1364 1096 quaecumque
1393 1029 1660 1075 creatura.
1715 1013 1883 1087 Quod

151 1122 280 1161 vero
306 1101 556 1161 additum
583 1115 666 1161 est
700 1125 716 1159 ι
750 1129 778 1156 ε(
803 1104 942 1176 Cui,
959 1130 987 1157 υ
1016 1116 1079 1162 ut
1104 1103 1378 1163 diceretur
1397 1151 1413 1177 ,
1450 1130 1477 1159 «
1495 1104 1601 1163 Cui
1623 1103 1791 1181 gloria
1816 1151 1833 1175 2
1861 1129 1888 1156 »

153 1213 280 1251 cum
303 1192 570 1253 sufficeret
604 1193 649 1251 si
686 1193 902 1252 dictum
929 1208 1061 1253 esset
1095 1217 1110 1252 ι
1141 1194 1208 1252 Ei
1243 1207 1426 1252 autem
1457 1194 1629 1271 gloria
1660 1215 1675 1251 ε
1703 1193 1882 1251 inusi-

152 1294 322 1341 tatam
337 1296 537 1342 nostrae
549 1283 755 1360 linguae
769 1283 981 1344 indicat
997 1284 1328 1343 locutionem
1337 1331 1351 1357 ,
1364 1305 1477 1344 non
1495 1305 1709 1343 sensum
1721 1301 1885 1363 quem

151 1371 521 1451 requiramUS,
548 1373 635 1432 vel
662 1372 730 1431 de
756 1395 867 1454 quo
898 1374 1262 1449 ambigamuS,
1290 1374 1546 1432 insinuat.
1571 1372 1725 1444 Quid
1745 1373 1888 1433 enim

151 1460 331 1518 sensui
359 1460 607 1542 deperit,
642 1461 687 1520 si
716 1455 964 1534 dicatur,
1000 1463 1067 1520 Ei
1105 1463 1310 1538 gloria,
1347 1463 1440 1520 cui
1471 1484 1570 1543 per
1601 1460 1889 1520 Christum

153 1547 365 1624 gloria?
391 1549 513 1607 Hoc
544 1562 624 1607 est
650 1570 889 1630 namque
907 1597 922 1623 ‚
953 1577 979 1603 «
997 1552 1103 1609 Per
1122 1556 1309 1608 Jesum
1342 1551 1630 1609 Christum
1650 1550 1742 1608 cui
1763 1548 1887 1625 glo-

154 1661 181 1690 »
203 1637 316 1706 ria3
342 1662 370 1690 >2
404 1636 556 1718 quod
593 1650 671 1696 est
692 1683 707 1709 ,
752 1638 842 1696 cui
881 1660 982 1718 per
1009 1643 1193 1697 Je'sum
1222 1639 1508 1696 Christum
1538 1637 1728 1714 gloria.
1777 1637 1884 1694 Sed

152 1724 355 1784 horum
388 1725 523 1785 alter
549 1725 837 1785 inusitatus
853 1772 869 1799 ,
894 1727 1032 1785 alter
1054 1727 1285 1786 usitatus
1305 1741 1385 1786 est
1407 1726 1545 1785 ordo
1565 1725 1882 1786 verborum.

232 1813 381 1873 XIV.
402 1835 421 1873 1
435 1814 717 1886 ⁰Quaerisa
735 1836 842 1887 me,
869 1840 897 1869 «
910 1815 969 1874 Si
996 1815 1063 1874 de
1085 1815 1387 1874 substantia
1402 1815 1582 1874 Patris
1597 1826 1677 1873 est
1693 1813 1884 1885 Filius,

153 1900 222 1958 de
248 1901 549 1959 substantia
575 1902 755 1961 Patris
777 1917 855 1961 est
879 1903 1044 1962 etiam
1069 1904 1308 1984 Spiritus
1335 1917 1553 1963 sanctus
1574 1949 1589 1974 ‚
1617 1923 1718 1960 cur
1741 1922 1882 1960 unus

156 1989 324 2047 Filius
346 1989 417 2047 sit
436 2035 451 2060 ‚
477 2003 531 2047 et
562 1990 700 2049 alius
721 2011 835 2050 non
863 1992 933 2050 sit
956 1992 1124 2050 Filius
1144 1996 1169 2050 Ρ
1210 1993 1354 2050 Ecce
1383 1990 1686 2073 respondeo
1708 2036 1723 2062 ‚
1771 1989 1882 2048 sive

154 2078 340 2159 capias
357 2124 373 2150 ,
401 2078 513 2137 sive
533 2099 645 2137 non
669 2081 874 2161 capias,
907 2082 987 2138 De
1015 2082 1178 2139 Patre
1205 2094 1285 2139 est
1307 2080 1474 2139 Filius
1490 2127 1504 2152 ,
1535 2080 1603 2138 de
1628 2081 1791 2136 Patre
1807 2090 1886 2135 est

156 2166 394 2247 Spiritus
426 2180 647 2225 sanctus
676 2189 690 2224 ε
721 2169 814 2226 sed
855 2169 946 2227 ille
977 2169 1220 2245 genitus,
1250 2170 1349 2227 iste
1375 2168 1679 2250 procedens
1711 2188 1727 2223 z
1760 2166 1886 2224 ideo

153 2254 244 2314 ille
272 2255 440 2314 Filius
464 2268 545 2314 est
565 2256 774 2330 Patris,
803 2258 872 2316 de
894 2279 1006 2339 quo
1031 2271 1108 2316 est
1130 2258 1376 2334 genitus;
1414 2258 1516 2316 iste
1545 2269 1727 2315 autem
1753 2254 1884 2336 Spi-

155 2344 292 2402 ritus
314 2344 633 2423 utriusque‚
659 2348 923 2425 quoniam
950 2346 1018 2405 de
1041 2360 1276 2427 utroque
1303 2345 1574 2427 procedit.
1627 2343 1734 2402 Sed
1758 2343 1882 2402 ideo

154 2453 285 2490 cum
307 2431 376 2490 de
398 2430 494 2489 illo
523 2432 691 2491 Filius
714 2433 1050 2514 loqueretur,
1073 2436 1150 2494 ait
1175 2457 1188 2492 ε
1215 2437 1334 2493 «De
1358 2436 1522 2492 Patre
1541 2431 1886 2515 procedit2.»

153 2521 416 2602 quoniam
444 2522 607 2579 Pater
627 2523 990 2603 processionis
1014 2528 1129 2599 ejus
1152 2537 1231 2582 est
1252 2537 1466 2595 auctor,
1491 2522 1590 2604 qui
1614 2521 1776 2580 talem
1800 2521 1887 2578 Fi-

153 2608 290 2667 lium
318 2609 508 2686 genuit
530 2654 546 2680 ,
577 2623 630 2668 et
658 2611 929 2687 gignendo
959 2614 1007 2670 ei
1036 2611 1190 2669 dedit
1223 2625 1286 2669 ut
1307 2613 1475 2669 etiam·
1503 2610 1572 2668 de
1597 2609 1719 2689 ipso
1750 2628 1888 2689 pro-

155 2710 297 2756 ceret
322 2698 560 2777 Spiritus
597 2713 833 2759 sanctus,
868 2701 1009 2759 Nam
1042 2700 1146 2758 nisi
1176 2699 1500 2781 procederet
1539 2710 1592 2756 et
1631 2696 1702 2755 de
1722 2696 1844 2776 ipso
1873 2741 1888 2766 ‚

158 2806 268 2843 non
295 2784 501 2842 diceret
513 2785 810 2867 Discipulis
843 2810 857 2845 t
895 2814 923 2841 (ι
949 2788 1198 2868 Accipite
1224 2789 1496 2868 Spiritum
1529 2783 1887 2852 sanctum33»

155 2894 389 2954 eumque
417 2873 748 2933 insufflando
778 2876 964 2949 daret,
992 2889 1053 2934 ut
1079 2899 1107 2934 a
1138 2898 1192 2935 se
1213 2897 1436 2957 quoque
1456 2873 1750 2957 procedere
1775 2871 1888 2947 sig-

156 2962 385 3021 nificans
404 3007 418 3032 ‚
453 2975 639 3041 aperte
661 2965 968 3024 ostenderet
996 2965 1183 3023 flando
1204 3012 1219 3038 ,
1245 2966 1400 3047 quod
1429 2962 1690 3046 spirando
1719 2961 1890 3019 dabat

156 3050 387 3108 occulte.
438 3048 587 3121 Quia
616 3071 744 3126 ergo
768 3053 811 3111 si
839 3066 1180 3125 nasceretur,
1209 3075 1323 3112 non
1356 3065 1569 3113 tantum
1592 3050 1664 3108 de
1689 3051 1850 3132 Patre
1876 3094 1890 3118 ,

157 3159 255 3197 nec
281 3150 494 3196 tantum
518 3135 585 3195 de
614 3138 775 3210 Filio,
806 3141 899 3201 sed
929 3141 997 3200 de
1020 3142 1294 3202 ambobus
1318 3142 1507 3222 utique
1530 3149 1843 3200 nasceretur
1869 3156 1884 3192 :

215 3243 229 3270 ¹
254 3239 400 3282 Matth.
418 3253 568 3291 xxvru,
595 3255 663 3293 19.
682 3264 741 3273 —-
759 3242 779 3272 2
798 3247 922 3290 Joau.
942 3259 1008 3297 κν,
1032 3247 1103 3290 26.
1125 3268 1183 3277 —
1203 3243 1222 3276 ³
1246 3247 1309 3291 ld.
1334 3261 1405 3304 xx,
1427 3259 1495 3287 n.
