2144 3808
243 276 360 342 536
783 293 830 330 s.
883 291 1190 335 Aneusnm
1235 291 1488 331 Emscom

325 374 509 438 XXII.
542 372 683 433 Sunt
699 385 750 429 et
777 371 881 432 alia
902 372 1075 437 multa
1105 394 1232 453 quae
1256 373 1315 430 in
1340 372 1382 429 f
1389 371 1583 430 bristi
1567 387 1970 445 lncarnatmne,

246 483 371 544 quae
401 460 650 548 superbis
678 460 965 540 displicet,
1006 460 1298 519 salubiiter
1327 461 1592 519 intuenda
1631 475 1792 545 atque
1819 461 1976 547 cegi-

246 551 412 617 tanda
435 563 579 614 suut.
610 549 863 620 Quorum
904 563 984 607 est
1015 549 1415 629 unu1n‚quod
1438 547 1872 608 demonstratum
1899 563 1978 607 est
2032 550 2034 553 ’

246 639 491 710 homini,
537 659 701 718 quem
750 636 937 700 locum
977 638 1014 697 h
1022 639 1205 696 lberet
1249 638 1307 695 in
1349 639 1513 695 rebus
1554 660 1689 718 quas
1728 637 1980 696 condidit

246 730 435 795 Deus:
475 725 929 806 quandoquidem
969 726 1045 784 sie
1079 727 1191 783 Deo
1222 726 1484 802 conjungi
1522 727 1708 806 potuit
1736 727 1982 784 humana

249 828 444 883 natura
468 860 481 886 ‚
510 827 572 876 ut
592 835 650 876 ‚ex
679 813 898 874 duabus
923 814 1239 881 substantiis
1277 815 1429 871 fieret
1466 835 1572 871 una
1611 835 1841 894 persona
1859 859 1873 884 ,
1917 833 1981 871 ae

250 925 350 984 per
379 903 491 968 hec>
511 907 626 978 jam
655 922 714 958 ex
737 901 914 960 tribus
936 948 950 972 ,
988 903 1132 972 Deo,
1161 902 1341 958 anima
1365 915 1418 958 et
1441 923 1604 959 earne
1632 924 1645 959 ε
1670 916 1731 960 ut
1758 901 1983 981 superbi

249 990 331 1060 illi
357 989 581 1065 maligni
605 988 831 1068 spiritus
851 1035 864 1056 ,
899 990 995 1067 qui
1023 1011 1078 1045 se
1101 989 1169 1045 ad
1202 989 1591 1068 decipiendum
1621 990 1775 1070 quasi
1800 989 1867 1047 ad
1891 989 1983 1047 ad-

244 1077 556 1154 juvandum
588 1075 796 1139 medios
834 1075 1223 1154 interponunt,
1260 1097 1370 1133 non
1396 1076 1519 1134 ideo
1546 1099 1598 1135 se
1628 1077 1862 1135 audeant
1882 1076 1984 1133 ho-

252 1165 387 1229 mini
415 1184 739 1244 praeponere
761 1209 775 1233 ,
814 1163 944 1242 quia
974 1172 1085 1220 non
1124 1163 1334 1220 habent
1364 1185 1583 1226 carnem
1623 1182 1637 1221 ε
1678 1178 1731 1222 et
1755 1164 1984 1222 maxime

251 1252 382 1334 quia
410 1266 464 1319 et
491 1251 630 1319 mori
655 1252 714 1317 in
734 1250 924 1314 eadem
955 1272 1118 1309 carne
1150 1251 1401 1327 dignatus
1437 1265 1515 1310 est
1557 1252 1726 1310 Filius
1757 1251 1890 1331 Dei,
1920 1272 1986 1309 ne

250 1341 373 1412 ideo
396 1341 478 1410 illi
507 1336 771 1420 nmquam
797 1340 926 1401 deos
947 1362 1001 1398 se
1026 1340 1130 1398 coli
1155 1342 1550 1420 persuadeant,
1581 1342 1711 1422 quia
1731 1340 1987 1399 videntur

251 1451 362 1493 esse
410 1430 762 1497 immortales,
804 1429 1013 1490 Deinde
1050 1443 1111 1487 ut
1145 1431 1320 1505 gratia
1366 1431 1466 1488 Dei
1510 1431 1673 1488 nobis
1706 1430 1820 1487 sine
1865 1429 1988 1492 ullis

251 1520 698 1601 praecedentibus
735 1520 940 1580 meritis
962 1521 1029 1577 in
1060 1520 1283 1588 homine
1314 1520 1537 1578 Christo
1572 1519 1981 1586 commendare·-

164 1654 183 1669 --
250 1622 342 1675 tur
370 1631 383 1666 ²
413 1610 544 1689 quia
579 1631 679 1672 nec
710 1609 826 1689 ipse
850 1622 912 1667 nt
934 1622 1086 1666 tanta
1121 1610 1327 1667 unitate
1358 1611 1474 1667 Deo
1502 1631 1630 1668 vero
1659 1614 1987 1687 conjunctus

251 1719 359 1765 una
389 1719 516 1763 cum
545 1698 640 1761 illo
675 1719 908 1778 persona
939 1698 1106 1762 Filius
1146 1699 1244 1756 Dei
1286 1700 1465 1769 fieret,
1504 1698 1629 1755 ullis
1667 1711 1748 1755 est
1771 1688 1988 1778 praeee-

251 1786 511 1852 dentibus
537 1786 745 1849 meritis
766 1800 1052 1853 ¹assecutus
1079 1808 1092 1844 :
1122 1787 1214 1844 sed
1237 1809 1296 1845 ex
1320 1809 1431 1866 quo
1453 1787 1623 1845 homo
1645 1807 1754 1844 esse
1784 1786 1983 1869 eoepit,

250 1897 311 1941 ex
350 1875 445 1940 illo
482 1889 563 1941 est
599 1889 651 1933 et
696 1877 841 1934 Deus
872 1898 886 1934 x
929 1876 1075 1933 unde
1114 1875 1326 1934 dictum
1359 1890 1480 1934 este
1516 1875 1807 1933 «Verbum
1854 1895 1986 1932 care

251 1963 505 2031 »factum
548 1962 680 2023 est1.
711 1989 736 2021 η
785 1963 964 2020 Etiam
1008 1963 1146 2029 illud
1192 1978 1302 2034 est,
1349 1977 1407 2021 ut
1457 1964 1712 2044 superbia
1751 1961 1988 2027 hominis

253 2077 279 2111 ι)
304 2071 432 2130 quae
463 2051 694 2117 maxime
722 2050 1121 2130 impedimento
1152 2065 1229 2109 est
1254 2074 1321 2109 ne
1343 2053 1681 2110 inhaereatur
1704 2052 1820 2108 Deo
1844 2098 1858 2120 ,
1886 2071 1988 2132 per

253 2151 462 2205 tantam
497 2139 599 2205 Dei
645 2138 1015 2198 humilitatem
1060 2140 1313 2216 redargui
1359 2154 1539 2220 posset
1580 2154 1755 2221 atque.
1784 2140 1979 2199 sanari.

254 2226 431 2293 Discit
451 2248 672 2307 quoque
692 2227 861 2286 homo
881 2249 1050 2307 quam
1071 2227 1231 2304 longe
1254 2231 1528 2295 recesserit
1554 2251 1583 2286 a
1607 2231 1725 2287 Dee
1741 2276 1755 2300 ‚
1782 2241 1835 2286 et
1851 2227 1987 2310 quid

251 2313 332 2381 illi
365 2314 543 2382 valeat,
591 2315 659 2378 ad
696 2315 1082 2375 medicinalem
1124 2317 1369 2381 dolorem
1391 2364 1406 2389 ,
1441 2317 1664 2399 quando
1693 2338 1791 2398 per
1826 2316 1987 2374 talem

258 2402 612 2469 Mediatorem
637 2404 813 2466 redit,
840 2404 937 2485 qui
961 2404 1284 2464 hominibus
1301 2420 1354 2464 et
1379 2408 1524 2464 Deus
1545 2406 1833 2465 divinitate
1856 2405 1987 2463 sub-

254 2490 437 2562 venit,
466 2505 520 2556 et
539 2491 710 2557 homo
734 2492 1057 2551 infirmitate
1087 2494 1359 2553 convenit.
1400 2495 1567 2567 Quod
1604 2507 1781 2552 autem
1813 2498 1988 2570 majus

255 2578 586 2647 obedientiae
614 2581 774 2645 nobis
802 2581 1144 2661 praeberetur
1165 2583 1470 2662 exemplum
1495 2630 1508 2652 ‚
1534 2585 1631 2665 qui
1653 2603 1752 2663 per
1786 2582 1987 2640 inoben

253 2666 515 2735 dientiam
550 2669 888 2748 perieramus
909 2715 923 2738 ‚
953 2691 1118 2751 quam
1155 2673 1267 2728 Deo
1292 2672 1444 2729 Patri
1480 2672 1623 2728 Deus
1666 2671 1830 2728 Filius
1850 2670 1978 2727 obe-

253 2755 408 2820 diens
438 2757 697 2838 usquead
728 2770 960 2821 ⁴mortem
995 2759 1249 2816 crucis29
1275 2759 1434 2839 Quid
1459 2805 1471 2830 ‚
1499 2759 1789 2858 praemium
1816 2757 1987 2838 ipsius

251 2844 582 2913 obedientiae
606 2847 704 2911 ubi
726 2845 1102 2907 ostenderetur
1130 2826 1360 2918 melum,
1391 2869 1560 2927 quam
1591 2848 1649 2905 in
1667 2868 1830 2906 earne
1851 2847 1987 2905 tanti

251 2932 607 3004 Medi-atonis,
640 2956 768 3020 quae
791 2934 861 2996 ad
887 2935 1053 2994 vitam
1082 2934 1367 2993 resurrexit
1391 2939 1691 2996 aeternam?
1734 2935 1981 2992 Pertine-

251 3018 352 3088 hat
382 3023 546 3088 etiam
579 3024 647 3088 ad
679 3023 946 3099 justitiam
985 3024 1404 3106 bonitatemque
1438 3024 1748 3095 Creator-ie,
1789 3036 1851 3081 ut
1887 3043 1986 3103 per

251 3107 499 3179 eamdem
561 3111 879 3177 rationalem
934 3125 1240 3171 creaturam
1295 3125 1645 3194 superaretur
1691 3071 1945 3179 diabelus
1964 3155 1979 3182 ,

314 3214 328 3243 ¹
351 3217 473 3257 Joan.
497 3230 532 3266 1,
557 3225 625 3265 14,
644 3240 698 3248 —
722 3215 742 3245 2
762 3215 911 3271 Philip.
935 3229 982 3267 u,
1000 3218 1043 3261 8.
