2144 3808
140 205 165 219 n

583 300 656 349 na
696 296 1019 351 smmum,
1063 298 1175 345 m.
1226 301 1318 345 ιιι.
1698 302 1806 365 27¹

99 387 250 465 signa
273 387 574 458 litterarum
611 380 924 460 conscripta
948 379 1216 460 pelliculis
1238 427 1253 454 ‚
1304 402 1506 462 corpus
1534 385 1742 447 Christi
1766 402 1822 448 et

99 480 411 556 sanguinem
435 475 699 542 dicimu53
731 471 822 530 sed
850 470 987 537 illud
1020 484 1230 532 tantum
1259 472 1410 552 quod
1457 496 1517 535 ex
1546 474 1823 537 fructibus

99 579 257 627 terrae
284 576 572 645 acceptum
599 574 657 623 et.
676 582 838 641 prece
868 560 1093 640 mystica
1115 575 1492 623 consecratum
1521 562 1622 623 rite
1650 567 1825 625 sumi-

99 676 220 726 mus
249 653 319 713 ad
345 652 570 712 salutem
606 648 903 730 spiritalem
941 650 998 712 iu
1028 649 1344 713 memoriam
1379 673 1482 730 pro
1515 653 1674 712 nobis
1709 655 1824 712 Do-

98 743 335 807 mimicae
369 739 633 823 passionis
665 760 680 796 ι
713 737 864 818 quod
913 759 1040 803 cum
1084 759 1184 818 per
1211 760 1403 801 manus
1431 741 1724 802 hominum
1753 744 1823 803 ad

96 829 247 892 illam
276 829 547 891 visibilem
570 827 802 909 speciem
830 826 1183 907 perducatur,
1211 850 1322 888 non
1347 832 1722 890 sanctificatur
1765 847 1827 892 ut

98 919 168 979 sit
190 933 298 980 tam
331 937 587 995 magnum
607 928 1006 982 sacramentum
1030 961 1044 987 ‚
1069 915 1173 979 nisi
1198 932 1458 997 operante
1481 919 1830 980 invisibiliter

98 1009 311 1089 Spiritu
333 1008 466 1079 Dei,
518 1027 644 1065 cum
668 1004 794 1065 haec
824 1005 1006 1065 omnia
1038 1025 1164 1084 quae
1191 1026 1293 1085 per
1318 1007 1627 1088 corporales
1650 1023 1831 1072 motus

98 1096 155 1161 in
178 1096 273 1155 illo
294 1117 457 1195 opere
481 1097 643 1167 fiunt,
677 1097 827 1152 Deus
849 1106 1127 1174 operetur,
1158 1115 1381 1156 movens
1410 1097 1663 1177 primitus
1687 1099 1827 1159 invi-

93 1186 273 1250 sibilia
296 1182 690 1255 ministrorum,
727 1182 836 1242 sive
859 1183 1062 1243 animas
1093 1182 1406 1257 hominum,
1443 1187 1554 1246 sive
1579 1187 1831 1247 occulto-

96 1295 222 1337 rum
252 1274 546 1371 spirituum
579 1272 683 1331 sibi
728 1270 975 1333 subditas
1005 1271 1362 1353 servitutes):
1386 1275 1522 1373 quid
1560 1277 1760 1335 mirum
1788 1277 1833 1335 si

97 1362 335 1423 etiamin
363 1376 610 1425 creatura
627 1359 756 1418 coeli
786 1372 839 1417 et
863 1372 1042 1429 terrae,
1067 1360 1229 1420 maris
1259 1377 1313 1421 et
1341 1363 1504 1433 aem,
1532 1363 1666 1423 facit
1689 1368 1829 1424 Deus

98 1472 224 1532 quae
256 1450 376 1511 vult
399 1449 671 1512 sensibilia
700 1461 860 1529 atque
883 1405 1155 1522 visibilia,
1186 1450 1255 1509 ad
1276 1473 1329 1509 se
1355 1452 1535 1532 ipsum
1558 1455 1614 1512 in
1646 1455 1721 1513 eis
1753 1456 1832 1514 si-

99 1552 193 1598 cut
215 1553 465 1619 oportere
486 1539 503 1597 i
508 1560 601 1619 pse
619 1538 774 1597 novit
791 1494 1212 1612 significandum
1239 1553 1291 1598 et
1316 1539 1828 1615 demonstrandum,

99 1649 214 1688 non
241 1628 360 1707 ipsa
383 1648 478 1690 sua
520 1647 626 1706 qua
654 1638 732 1685 est
759 1637 1059 1706 apparente
1093 1626 1420 1698 substantia,
1450 1651 1577 1711 quae
1611 1633 1835 1689 omnino

99 1715 567 1781 incommutabilis
591 1728 691 1783 est,
710 1714 1079 1794 omnibusque
1101 1715 1410 1796 spiritibuS,
1434 1734 1574 1799 quos
1599 1721 1826 1794 creavit,

99 1805 325 1864 interius
347 1805 709 1885 sceletiusque
739 1803 1067 1865 sublimior?
1138 1838 1142 1848 =

182 1896 282 1961 Xl.
319 1895 388 1954 Vi
426 1894 568 1952 enim
598 1893 786 1956 divina
827 1905 998 1951 totam
1026 1893 1327 1971 spiritalem
1353 1897 1691 1977 corporalem
1726 1920 1833 1979 que

103 1982 514 2046 administrante
535 1994 862 2051 creaturam,
893 1980 1139 2042 omnium
1159 2005 1429 2043 annorum
1458 1987 1617 2044 certis
1640 1986 1837 2047 diebus

105 2071 442 2131 advocantur
455 2092 612 2153 aquae
629 2083 682 2129 et
696 2069 877 2140 maris,
896 2070 973 2131 eff
971 2069 1079 2131 und
1090 2084 1324 2132 untursu
1331 2096 1430 2153 per
1440 2073 1635 2134 famem
1653 2091 1826 2139 terrae.

107 2160 214 2220 Sed
238 2182 365 2226 cum
384 2160 493 2219 hoc
507 2172 695 2222 orante
712 2171 896 2221 sancto
916 2158 1038 2219 Elia
1057 2158 1262 2219 factum
1280 2175 1378 2232 est,
1399 2165 1834 2245 quiapraecesse-

103 2262 189 2307 rat
210 2261 321 2307 tam
339 2250 600 2311 continua
621 2261 675 2306 et
699 2261 809 2307 tam
824 2245 984 2321 longa
1010 2248 1288 2317 serenitaS,
1313 2250 1679 2312 uteleficerent
1695 2254 1836 2314 farne

104 2338 376 2408 homineS,
429 2358 531 2396 nec
572 2358 634 2395 ea
656 2335 796 2396 hora
824 2354 934 2413 qua
967 2333 1057 2392 ille
1109 2336 1208 2396 Dei
1238 2358 1420 2397 servus
1450 2342 1627 2399 oravit
1657 2341 1704 2414 1,
1740 2348 1837 2402 aer

104 2426 221 2507 ipse
251 2426 434 2507 aliqua
459 2423 689 2489 humida
716 2423 855 2483 facie
891 2444 1014 2486 mox
1052 2422 1256 2486 futurae
1280 2425 1488 2506 pluviae
1508 2429 1658 2505 signa
1680 2453 1833 2512 prae-

46 2582 50 2587 .
105 2513 325 2584 tulerat,
355 2513 657 2578 consecutis
685 2511 849 2570 tantis
873 2523 1061 2569 ettam
1087 2512 1342 2573 velociter
1364 2516 1636 2577 imbribus
1658 2542 1837 2602 appa-

106 2604 313 2664 ruitvis
340 2603 567 2673 divina,
611 2602 815 2683 quibus
857 2600 997 2664 illud
1035 2601 1272 2662 dabatur
1311 2603 1836 2692 dispensabaturque

107 2692 455 2754 miraculum.
508 2694 593 2754 Ita
638 2694 781 2750 Deus
821 2704 1080 2771 operatur
1124 2692 1383 2751 solemnia
1419 2694 1634 2772 fulgura
1675 2713 1838 2781 atque

111 2782 387 2845 tonitrua·
410 2780 499 2839 sed
518 2780 645 2862 quia
665 2780 721 2841 iu
740 2792 922 2838 monte
946 2779 1076 2838 Sina
1103 2781 1360 2840 inusitato
1379 2784 1542 2842 modo
1567 2787 1691 2845 fieb
1681 2803 1772 2848 ant
1788 2791 1835 2862 2,

111 2892 268 2931 voces
256 2891 379 2951 que
420 2869 529 2927 illae
558 2890 670 2932 uon
710 2868 942 2948 strepitu
973 2868 1200 2928 confuso
1246 2871 1596 2944 edebantur,
1624 2877 1714 2935 sed
1769 2879 1841 2936 eis

111 2959 368 3042 quaedam
411 2958 562 3034 signa
589 2958 707 3019 (lari
737 2958 1044 3018 certissimis
1090 2959 1308 3018 iudiciis
1337 2966 1674 3043 apparebat,
1730 2969 1839 3025 mi-

114 3049 299 3111 racula
345 3061 514 3108 erant.
567 3047 705 3121 Quis
744 3049 971 3108 attrahit
1001 3049 1285 3108 humorem
1323 3074 1420 3132 per
1451 3054 1687 3113 radicem
1721 3060 1844 3117 vitis

118 3140 189 3211 ad
214 3141 440 3203 botrum
467 3151 521 3198 et
537 3136 731 3199 vinum
752 3135 908 3211 facit,
933 3138 1035 3200 nisi
1053 3140 1221 3216 DeUS‚
1246 3141 1344 3224 qui
1362 3155 1417 3205 et
1431 3142 1655 3217 bomine
1675 3147 1844 3229 plan..

180 3246 196 3280 2
216 3249 238 3292 8
260 3250 364 3301 Reg.
383 3257 506 3300 um,
522 3242 597 3291 45.
621 3261 682 3275 -
702 3239 724 3274 ²
740 3240 872 3287 nod.
889 3254 982 3300 xxx,
1004 3243 1074 3290 ιθ,
