2144 3808
265 320 384 393 448
772 342 816 382 S.
870 339 1175 382 auc-usum
1217 342 1474 383 EPlscoPI

264 444 445 481 meam
467 424 784 481 memoriam
800 469 816 495 ,
839 436 893 480 et
913 422 1326 500 intelligentiam
1345 472 1359 496 ‚
1392 438 1446 483 et·
1466 424 1803 486 voluntatem
1828 412 1994 484 simul

264 511 509 571 memini.
534 511 700 584 Quod
735 511 881 569 enim
912 513 1188 570 memoriae
1211 534 1347 572 meae
1374 535 1486 572 non
1510 512 1757 585 memini,
1774 535 1887 571 non
1915 525 1995 570 est
2037 555 2039 558 ψ

266 599 326 658 in
366 600 627 678 memoria
668 622 805 659 mea.
845 600 1002 659 Nihil
1038 615 1217 659 autem
1257 614 1370 660 tam
1406 601 1466 660 in
1508 602 1799 674 memoria,
1830 622 1996 681 quam

269 688 389 768 ipsa
413 689 677 747 memoria
705 701 800 748 est.
836 688 1035 747 Totam
1066 689 1236 764 igitur
1269 690 1512 750 memini.
1556 692 1695 748 Item
1723 686 2000 770 quidquid

269 775 548 852 intellige,
581 775 883 852 intelligere
908 797 994 834 me
1019 777 1162 849 scie,
1205 790 1257 835 et
1293 778 1404 836 scio
1441 799 1528 835 me
1564 775 2002 858 velle‘quidquid

270 863 396 923 volo
427 887 441 922 ε
474 864 750 946 quidquid
783 878 964 924 autem
989 866 1100 924 scio
1129 867 1370 926 memini.
1421 868 1615 924 Totam
1649 867 1815 941 igitur
1837 864 2003 922 intel-

271 951 550 1028 ligentiam
573 1000 588 1025 ,
622 966 904 1033 totamque
932 953 1270 1013 voluntatem
1303 977 1480 1012 meam
1514 955 1754 1013 memini.
1795 953 2006 1011 Simili-

274 1053 359 1098 ter
387 1061 515 1098 cum
552 1041 678 1098 haec
706 1040 810 1096 tria
839 1040 1083 1114 intelligo
1104 1086 1119 1111 ,
1159 1053 1275 1098 tota
1309 1042 1471 1099 simul
1512 1041 1770 1118 intelligo.
1817 1042 2007 1121 Neque

275 1129 420 1185 enim
457 1126 765 1207 quidquam
800 1126 1230 1202 intelligibilium
1265 1150 1377 1186 11011
1411 1128 1654 1204 intelligo
1675 1175 1690 1201 ,
1723 1129 1826 1187 nisi
1853 1127 2008 1208 quod

275 1214 484 1289 ignom.
547 1214 715 1287 Quod
757 1227 939 1272 autem
977 1215 1206 1290 ignoro,
1251 1237 1352 1273 nec
1392 1216 1653 1287 memini,
1713 1237 1813 1274 nec
1855 1214 2000 1275 vole.

279 1302 571 1383 Quidquid
593 1303 779 1382 itaque
797 1301 1227 1378 intelligibilium
1251 1325 1365 1361 non
1383 1303 1654 1379 intelligo,
1680 1324 2011 1383 consequen-

279 1405 362 1448 ter
389 1393 555 1449 etiam
578 1412 678 1449 nec
710 1391 973 1461 memini,
1003 1412 1103 1448 nec
1130 1391 1275 1450 vole.
1310 1391 1600 1472 Quidquid
1634 1405 1815 1450 autem
1846 1390 2012 1449 intel-

277 1478 574 1554 ligibilium
599 1478 825 1536 memini
847 1491 900 1536 et
918 1478 1067 1550 v010,
1094 1493 1483 1560 consequenter
1506 1479 1781 1563 intellige..
1796 1478 2013 1538 Volun-

278 1581 359 1624 tas
387 1568 551 1625 etiam
588 1588 706 1626 mea
741 1580 908 1625 totam
931 1567 1343 1643 intelligentiam
1376 1581 1658 1649 totamque
1686 1568 2008 1626 memoriam

279 1677 459 1714 meam
497 1656 647 1736 capit
668 1702 683 1728 ,
729 1655 862 1713 dum
902 1667 1017 1713 toto
1059 1668 1185 1714 utor
1221 1655 1371 1736 quod
1405 1656 1651 1732 intelligo
1675 1669 1728 1714 et
1755 1655 2000 1714 memini.

281 1744 636 1825 Quapropter
663 1743 886 1823 quando
909 1743 1145 1803 invicem
1176 1767 1205 1802 a
1228 1745 1452 1821 singulis
1482 1757 1535 1801 et
1558 1757 1672 1802 tota
1702 1744 1886 1802 omnia
1911 1766 2011 1802 ca-

280 1832 514 1912 piuntur
535 1879 551 1904 ,
581 1831 812 1911 aequalia
840 1844 967 1889 sunt
998 1845 1110 1889 tota
1133 1832 1344 1908 singula
1371 1833 1499 1890 totis
1528 1832 1752 1908 singulis
1768 1879 1784 1905 ,
1820 1845 1874 1890 et
1896 1844 2014 1890 tota

281 1919 493 1996 singula
536 1919 700 1977 simul
737 1918 994 1976 omnibus
1040 1919 1202 1991 totis,
1249 1932 1301 1976 et
1339 1920 1463 1980 haec
1504 1920 1609 1978 tria
1652 1940 1823 1977 unum
1847 1966 1861 1990 ,
1905 1941 2014 1977 una

283 2008 398 2068 vita
419 2055 434 2080 ,
463 2029 573 2066 una
605 2029 785 2078 menS,
815 2028 926 2064 una
945 2007 1189 2066 essentia.

359 2097 515 2158 XIX.
549 2097 582 2153 J
588 2117 743 2153 amne
770 2095 940 2170 igitur
960 2094 1362 2153 ascendendum
1391 2109 1470 2154 est
1507 2096 2007 2177 qualibuscumque

278 2185 599 2245 intentionis
634 2184 845 2244 viribus
877 2183 948 2241 ad
982 2182 1133 2241 illam
1169 2205 1438 2241 summam
1474 2197 1527 2242 et
1566 2184 1882 2242 altissimam
1923 2205 2010 2240 es-

282 2275 507 2334 sentiam
523 2320 538 2345 ,
565 2277 724 2349 cujus
743 2272 924 2351 impar
944 2271 1124 2347 imago
1143 2284 1222 2329 est
1242 2271 1486 2329 humana
1506 2294 1659 2330 mens
1675 2318 1688 2343 ,
1717 2271 1808 2330 sed
1830 2284 2010 2329 tamen

281 2363 504 2438 imago?
531 2383 600 2419 an
622 2359 807 2418 adhuc
842 2358 1031 2416 eadem
1058 2359 1157 2416 tria
1193 2358 1499 2418 distinctius
1528 2358 1857 2417 declaranda
1885 2371 2011 2415 sunt

281 2453 340 2510 in
369 2451 582 2520 anima,
614 2469 715 2529 per
740 2447 833 2506 illa
857 2469 984 2527 quae
1012 2448 1338 2506 extrinsecus
1376 2468 1533 2506 sensu
1575 2447 1822 2527 corporis
1851 2446 2011 2526 capi-

282 2561 438 2611 111113,
487 2537 587 2596 ubi
623 2535 995 2616 temporaliter
1030 2535 1369 2616 imprimitur
1408 2557 1590 2594 rerum
1623 2556 2009 2614 corporearum

283 2627 516 2688 notitia?
539 2627 777 2684 Mentem
800 2623 1009 2704 quippe
1027 2623 1202 2704 ipsam
1223 2624 1282 2680 in
1302 2623 1565 2681 memoria
1588 2636 1641 2680 et
1658 2620 2011 2698 intelligentia

284 2732 339 2776 et
373 2715 654 2777 voluntate
692 2712 1060 2793 suimetipsius
1087 2710 1249 2768 talem
1278 2711 1720 2792 reperiebamus,
1768 2723 1829 2768 ut
1865 2731 2011 2791 quo-

282 2807 430 2864 niam
460 2823 670 2883 semper
700 2822 752 2859 se
771 2821 923 2859 nosse
952 2820 1270 2880 semperque
1293 2821 1347 2857 se
1370 2800 1547 2879 ipsam
1584 2798 1721 2858 velle
1751 2820 2009 2878 compre-

283 2892 658 2962 hendebatur,
690 2888 852 2947 simul
883 2888 1046 2946 etiam
1075 2909 1287 2969 semper
1307 2888 1390 2946 sui
1413 2887 1747 2958 meminisse,
1777 2908 2010 2966 semper-

285 3004 391 3062 que
437 3002 489 3038 se
526 2981 703 3060 ipsam
748 2977 1045 3054 intelligere
1085 2990 1138 3035 et
1188 2998 1368 3035 amare
1418 2975 2005 3056 comprehenderetur3

279 3068 531 3151 quamvis
566 3088 679 3123 non
709 3087 919 3163 semper
962 3087 1015 3123 se
1060 3066 1298 3140 cogitare
1334 3064 1623 3123 discretam
1657 3063 1729 3121 ab
1773 3063 1848 3134 eis
1883 3083 2008 3142 quae

277 3181 391 3219 non
419 3168 581 3226 sunt,
613 3153 799 3234 quod
785 3175 903 3233 ipsa
928 3166 1048 3210 est.
1081 3175 1141 3211 ac
1177 3176 1276 3234 per
1302 3154 1413 3212 hoc
1442 3151 1713 3211 difficile
1698 3173 1756 3208 111
1790 3171 1851 3207 ea
1880 3149 2008 3225 dig-

278 3245 524 3308 noscitur
565 3240 827 3302 memoria
862 3240 977 3312 sui,
1021 3252 1075 3300 et
1111 3241 1467 3316 intelligentia
1510 3239 1611 3298 sui.
1654 3237 1824 3310 Quasi
1861 3237 2006 3297 enim
