2144 3808
302 288 420 350 ²²70
831 285 880 335 a,
932 283 1243 333 amussim
1287 281 1546 331 nmscon

294 367 587 437 natissimis
613 381 880 437 ereaturae
927 366 1172 443 motibus
1191 413 1207 439 ‚
1226 367 1410 448 primo
1442 365 1811 449 spiritalibus,
1837 366 2037 433 deinde

301 456 704 538 corporalihuS‚
740 478 841 538 per
879 468 1078 521 cuncta
1106 455 1389 526 diffundit,
1413 469 1468 518 et
1493 457 1664 520 utitur
1691 458 1948 517 omnibus
1969 459 2040 519 ad

298 546 752 612 incommutabile
808 545 1097 610 arbitrium
1140 545 1422 606 sententiae
1453 567 1599 617 suae,
1633 546 1743 605 sive
1774 547 2039 629 incorpo-2-

297 637 403 696 reis
431 635 541 701 sive
572 634 849 715 corporeis
870 635 1056 703 rebuS,
1090 634 1200 697 sive
1243 634 1626 705 rationalibus,
1669 642 1778 695 sive
1814 637 2039 697 irratio-

300 724 520 790 nalibus
558 725 874 806 spiritibuS,
917 724 1028 786 sive
1056 723 1216 784 bonis
1243 745 1341 804 per
1360 728 1475 800 ojus
1498 725 1750 800 gratiam,
1787 726 1897 784 sive
1916 749 2039 786 ma-

298 813 364 874 lis
383 836 480 895 per
497 815 784 896 propriam
803 812 1160 875 voluntatem.
1194 813 1300 873 Sed
1315 813 1683 898 quemadmod
1693 836 1783 873 um
1804 836 2040 896 corpora

299 903 563 970 crassiora
590 917 643 966 et
666 903 920 963 inferiora
942 925 1042 984 per
1069 902 1354 965 subtiliora
1376 916 1429 960 et
1452 905 1760 984 potentiora
1791 904 2038 985 quodam

299 992 492 1052 ordine
519 1006 785 1069 reguntur
812 1014 827 1050 z
879 992 954 1053 ita
985 992 1168 1052 omnia
1203 1012 1432 1071 corpora
1468 1014 1568 1072 per
1597 993 1849 1072 spiritum
1881 994 2033 1066 vitae,

297 1094 351 1139 et
381 1080 605 1160 spiritus
622 1081 751 1138 vitae
773 1079 1102 1142 irrationalis
1131 1100 1231 1159 per
1260 1079 1518 1159 spiritum
1540 1081 1669 1139 vitae
1694 1082 2033 1154 rationalem,

295 1183 349 1228 et
380 1169 604 1249 spiritus
627 1169 756 1227 vitae
784 1168 1066 1229 rationalis
1089 1167 1331 1229 desertor
1349 1182 1514 1249 atque
1535 1183 1796 1250 peccator
1816 1193 1915 1252 per-
1932 1172 2039 1252 spi·

292 1259 459 1333 ritum
493 1260 619 1318 vitae
641 1257 959 1321 rationalem
984 1259 1137 1339 pium
1167 1272 1220 1317 et
1247 1263 1455 1335 justum
1478 1307 1494 1332 ,
1525 1273 1577 1318 et
1608 1261 1699 1320 ille
1724 1283 1824 1342 per
1852 1261 2038 1342 ipsum

298 1348 500 1419 Deum,
530 1370 595 1406 ac
615 1348 694 1405 sic
719 1347 964 1407 universa
993 1361 1241 1406 creatura
1275 1370 1372 1429 per
1404 1350 1715 1407 Creatorem
1741 1371 1899 1408 suum
1923 1397 1938 1420 ,
1977 1371 2038 1408 ex

293 1457 405 1518 quo
430 1451 482 1497 et
505 1459 606 1518 per
648 1459 811 1518 quem
843 1451 896 1496 et
923 1438 981 1496 in
1004 1460 1117 1519 quo
1140 1438 1305 1496 etiam
1335 1438 1560 1497 condita
1595 1453 1760 1520 atque
1789 1440 2037 1504 instituta

289 1540 368 1585 est
393 1526 411 1564 ¹
443 1549 456 1583 :
488 1548 552 1585 ac
575 1548 675 1607 per
697 1527 808 1587 hoc
829 1527 1081 1586 voluntas
1105 1527 1205 1585 Dei
1234 1541 1313 1585 est
1337 1528 1519 1608 prima
1547 1542 1600 1586 et
1637 1551 1850 1588 summa
1874 1550 2037 1588 causa

285 1616 533 1677 omnium
555 1615 927 1696 corporalium
955 1616 1263 1697 specierum
1305 1631 1468 1698 atque
1494 1618 1820 1678 motionum.
1877 1617 2036 1677 Nihil

288 1705 431 1762 enim
466 1706 528 1762 fit
555 1705 844 1764 visibiliter
887 1718 940 1762 et
969 1705 1318 1776 sensibiliter,
1366 1706 1518 1786 quod
1548 1729 1659 1764 non
1688 1706 1755 1764 de
1779 1707 2034 1765 interiore

287 1794 555 1855 invisibili
601 1808 763 1875 atque
792 1794 1126 1871 intelligibili
1161 1794 1285 1854 aula
1311 1796 1511 1854 summi
1542 1796 1896 1876 imperatoris
1940 1809 2033 1855 aut

277 1885 565 1960 jubeatur,
595 1897 688 1942 aut
732 1885 1108 1965 permittatur,
1166 1884 1470 1943 secundum
1512 1885 1839 1944 ineffabilem
1858 1886 2030 1962 justi-

281 1973 412 2032 tiam
437 1973 796 2055 praemiorum
816 1987 980 2055 atque
1000 1994 1294 2054 poenarum
1318 2021 1330 2034 .
1369 1975 1667 2050 gratiarum
1707 1988 1760 2033 et
1783 1974 2028 2033 retribu-

254 2063 493 2150 *tjonum
516 2109 531 2134 ,
577 2063 635 2121 in
669 2057 972 2121 ista³totius
998 2076 1266 2122 creaturae
1293 2063 1625 2143 amplissima
1659 2063 1897 2144 quadam
1926 2064 2030 2122 im-

284 2173 579 2233 mensaque
603 2151 911 2234 republica.
1167 2149 1173 2153 ⁴

364 2242 436 2302 X.
475 2242 534 2300 Si
554 2263 684 2317 ergo
710 2240 985 2322 apostolus
1014 2239 1250 2308 Paulus,
1283 2239 1536 2321 quamvis
1563 2239 1748 2306 adhuc
1781 2254 2028 2323 portaret

285 2330 557 2389 sarcinam
592 2330 871 2411 corporiS,
907 2328 1060 2410 quod
1099 2330 1481 2410 corrumpitur
1520 2343 1572 2388 et
1610 2344 1866 2407 aggravat
1904 2331 2028 2389 ani-

283 2440 435 2480 mam
462 2419 511 2489 .‘-',
537 2418 786 2498 quamvis
817 2417 1003 2477 adhuc
1027 2439 1088 2476 ex
1115 2431 1273 2498 parte
1307 2419 1545 2500 atquein
1566 2420 1854 2496 aenigmate
1876 2418 2027 2478 vide-

281 2521 366 2566 ret
393 2507 440 2579 3,
461 2521 658 2588 optans
683 2507 907 2567 dissolvi
931 2520 985 2566 et
1001 2529 1110 2566 esse
1134 2529 1264 2566 cum
1290 2507 1512 2566 Christo
1533 2507 1580 2579 4,
1597 2522 1649 2567 et
1664 2509 1722 2566 in
1738 2500 2025 2589 semetipso

280 2597 636 2674 ingemiscens
657 2644 672 2669 ,
705 2597 1061 2679 adoptionem
1105 2610 1393 2678 expectans
1431 2590 1863 2677 redemptionem
1894 2619 2025 2656 cor-

280 2688 429 2766 poris
458 2686 539 2744 sui
559 2685 606 2758 5,
639 2687 823 2767 potuit
871 2700 1054 2746 tamen
1083 2685 1446 2762 significando
1495 2685 1801 2766 praedicare
1825 2686 2021 2745 Domi-

281 2798 413 2834 num
437 2777 626 2856 ‚lesum
639 2776 951 2847 Christum,
979 2775 1134 2834 aliter
1156 2797 1254 2856 per
1273 2774 1516 2851 linguam
1543 2797 1719 2846 suam,
1745 2775 1900 2834 aliter
1921 2798 2024 2857 per

280 2865 589 2944 epistolam,
624 2865 781 2923 aliter
820 2888 919 2947 per
950 2877 1348 2923 sacramentum
1384 2866 1631 2946 corporis
1658 2878 1712 2923 et
1746 2865 2019 2942 sanguinis

275 2959 391 3030 ejus
420 2977 434 3011 ι
476 2955 615 3032 (nec
652 2955 894 3032 linguam
940 2957 1150 3035 quippe
1180 2959 1293 3030 ejus
1315 3001 1329 3026 ,
1377 2977 1477 3014 nec
1508 2957 1881 3027 membranaS,
1917 2976 2017 3014 nec

277 3057 666 3116 atramentum,
703 3067 803 3104 nec
849 3046 1215 3121 significantes
1241 3066 1399 3102 sonos
1447 3046 1632 3124 lingua
1674 3045 1880 3117 editos,
1914 3065 2016 3104 nec

328 3167 356 3199 ‘¹
376 3167 508 3210 Culus.
530 3181 568 3218 1,
591 3170 659 3212 ιθ.
680 3190 738 3199 -
759 3166 781 3199 ²
801 3172 897 3227 Sap.
915 3171 1153 3226 xx,*15.—
1169 3166 1188 3201 ³
1212 3183 1230 3211 1
1259 3172 1358 3217 Cor.
1380 3184 1478 3225 xm,
1499 3185 1566 3214 ια.
1585 3194 1640 3204 -
1662 3166 1682 3201 ⁴
1703 3168 1851 3226 Philip.
1881 3183 1918 3223 1,
1941 3171 2015 3213 23.

277 3233 503 3279 —5Rom.
521 3247 613 3287 vm,
637 3236 710 3281 23.
