2144 3808
300 302 418 374 480
828 316 875 357 s.
927 315 1236 358 mausum
1278 316 1536 358 131>1sco1>1

301 399 454 481 quod
477 399 687 458 dictum
715 412 794 475 est
821 422 835 457 :
865 426 892 453 «
912 400 1037 458 Duo
1059 400 1117 460 in
1137 421 1299 458 carne
1322 418 1450 460 una.
1484 425 1510 453 ι)
1535 399 1652 459 Cur
1675 419 1802 475 ergo
1821 445 1836 472 ,
1867 411 1930 457 ut
1949 397 2031 457 di-

301 511 420 548 cere
440 511 718 571 coeperam
737 536 752 560 ,
775 488 834 547 in
855 502 1054 548 natura
1075 489 1318 547 hominis
1348 487 1417 545 ad
1440 488 1733 564 imaginem
1760 487 1866 546 Dei
1885 487 2047 567 facta,

298 592 501 660 praeter
537 577 847 636 masculum
883 590 936 635 et
961 577 1247 636 foeminam
1270 598 1380 634 non
1414 589 1804 635 commemorat
1835 576 2031 656 Scrip-

299 670 459 725 tura?
488 666 575 725 Ad
596 665 935 746 implendam
955 665 1166 746 quippe
1194 664 1488 739 imaginem
1526 663 1807 723 Trinitatis
1835 663 2033 721 debuit

301 755 498 814 addere
526 768 580 813 et
606 754 783 812 filium
804 800 818 825 ,
847 753 1096 832 quamvis
1121 752 1307 811 adhuc
1327 752 1384 809 in
1405 751 1610 810 lumbis
1633 752 1805 831 patris
1834 750 2036 809 consti·

301 857 483 902 tutum
501 890 514 912 ‚
547 844 688 901 sicut
712 840 907 899 mulier
922 855 1035 899 erat
1056 841 1114 898 in
1137 841 1317 899 latere.
1354 842 1439 898 An
1459 839 1596 897 forte
1613 843 1729 914 jam
1753 838 1898 897 facta
1919 851 2033 896 erat

301 946 357 990 et
383 931 612 1000 mulier3
645 944 698 988 et
720 930 1008 1009 Scriptura
1029 929 1185 987 brevi
1207 928 1580 1007 complexione
1611 929 2027 997 constrinxerat,

300 1021 454 1101 quod
489 1033 676 1100 postea
715 1015 1181 1097 quemadmodum
1211 1016 1281 1071 sit
1319 1014 1526 1071 factum
1547 1061 1562 1086 ,
1597 1014 1909 1089 diligentius
1941 1035 2035 1071 ex-

301 1109 567 1188 plicaret3
610 1119 663 1163 et
703 1115 996 1184 propterea
1034 1101 1179 1159 filius
1221 1102 1635 1159 commemorari
1673 1121 1784 1159 non
1813 1102 2028 1181 potuit,

297 1195 429 1275 quia
466 1192 716 1251 nondum
750 1202 865 1248 erat
902 1202 1094 1258 natus;
1127 1188 1284 1269 quasi
1328 1202 1380 1246 et
1415 1189 1526 1247 hoc
1564 1211 1676 1247 non
1719 1202 1939 1269 poterat
1975 1210 2037 1247 ea

300 1284 567 1342 brevitate
600 1277 896 1359 complecti
923 1277 1161 1359 Spiritus
1184 1290 1404 1335 sanctus
1420 1322 1435 1347 ,
1463 1298 1560 1334 suo
1584 1276 1708 1335 loco
1733 1290 1919 1356 postea
1938 1298 2035 1335 na-

301 1386 422 1429 tum
450 1371 626 1428 filium
658 1379 1007 1437 narraturUS,
1037 1365 1177 1423 sicut
1211 1364 1494 1422 mulierem
1519 1364 1586 1422 de
1622 1365 1730 1424 viri
1751 1365 1918 1423 latere
1948 1385 2038 1422 as-

303 1472 583 1539 sumptam
621 1464 717 1514 suo
746 1452 1103 1535 postmodum
1136 1453 1261 1512 loco
1301 1451 1580 1511 narravit1
1599 1499 1615 1525 ,
1651 1465 1705 1510 et
1731 1465 1914 1511 tamen
1941 1452 2037 1510 hic

299 1568 422 1605 eam
450 1545 732 1603 nominare
763 1563 875 1600 non
908 1541 1299 1621 praetermisit?

385 1636 484 1694 IX.
523 1635 647 1692 Non
678 1630 972 1712 itaqueita
996 1630 1259 1688 debemus
1285 1631 1584 1706 intelligere
1611 1630 1896 1689 hominem
1916 1628 2037 1689 fac-

301 1738 420 1782 tum
451 1722 519 1781 ad
545 1721 833 1797 imaginem
857 1739 1087 1776 summae
1117 1717 1430 1792 Trinitatis,
1464 1719 1575 1777 hoc
1599 1732 1700 1791 est,
1735 1717 1806 1776 ad
1833 1716 2037 1792 imagi-

300 1835 426 1872 nem
448 1812 580 1883 Dei,
606 1823 665 1868 ut
688 1809 876 1867 eadem
902 1809 1080 1882 imago
1116 1807 1174 1864 in
1213 1808 1390 1866 tribus
1416 1807 1756 1882 intelligatur
1797 1805 2036 1864 homini·

300 1902 406 1959 bus
424 1923 438 1957 ι
459 1897 765 1980 praesertim
782 1917 910 1953 cum
931 1895 1222 1974 Apostolus
1237 1896 1415 1954 virum
1441 1895 1591 1954 dicat
1611 1915 1722 1953 esse
1743 1893 2034 1969 imaginem

300 1988 433 2059 Dei,
480 1999 534 2044 et
567 1997 859 2066 propterea
892 1980 1262 2039 velamentum
1306 1983 1355 2040 ei
1395 1983 1590 2063 capitis
1628 1982 1849 2052 demat,
1883 1980 2036 2061 quod

300 2075 518 2133 mulieri
546 2069 930 2131 adhibendum
965 2082 1179 2140 monet,
1220 2069 1404 2150 itaque
1432 2070 1662 2151 loquens
1686 2092 1700 2127 :
1734 2095 1760 2123 <‹
1785 2069 1881 2126 Vir
1903 2070 2035 2148 qui-

300 2189 328 2216 »
350 2163 474 2238 d'em
505 2183 618 2219 non
645 2158 825 2217 debet'
847 2155 1025 2228 velare
1059 2171 1260 2236 caput,
1298 2179 1427 2215 cum
1465 2159 1534 2216 sit
1560 2159 1741 2234 imago
1773 2170 1825 2214 et
1865 2156 2035 2232 gloria

298 2278 326 2306 >2
352 2251 469 2310 Dei.
505 2249 703 2309 Mulier
735 2259 919 2304 autem
947 2244 1119 2320 gloria
1142 2245 1248 2304 viri
1283 2259 1361 2304 est
1377 2247 1418 2306 2.
1454 2272 1480 2300 >2
1519 2245 1672 2318 Quid
1705 2267 1839 2321 *ergo
1878 2245 2035 2302 dice-

298 2361 422 2398 mus
449 2338 517 2398 ad
538 2339 698 2396 haec‘?
734 2335 792 2393 Si
814 2353 921 2414 pro
941 2353 1038 2391 sua
1060 2355 1292 2413 persona
1323 2334 1518 2392 mulier
1549 2333 1813 2413 adimplet
1839 2331 2031 2407 imagi-

299 2450 424 2487 nem
453 2425 765 2497 Trinitatis,
794 2444 894 2481 cur
921 2444 983 2480 ea
1021 2421 1266 2480 detracta
1295 2422 1362 2480 de
1395 2422 1559 2481 latere
1590 2422 1693 2482 viri
1723 2420 1910 2479 adhuc
1941 2420 2032 2478 ille
2061 2483 2066 2489 ‚

296 2517 478 2592 imago
509 2514 748 2573 dicitur?
794 2513 904 2569 Aut
932 2509 976 2567 si
1014 2523 1067 2568 et
1101 2531 1210 2568 una
1238 2531 1470 2590 persona
1494 2510 1734 2568 hominis
1763 2530 1824 2567 ex
1858 2508 2032 2566 trihus

296 2616 479 2684 potest
494 2602 607 2661 dici
629 2600 809 2675 imago
834 2597 969 2667 Dei,
999 2597 1143 2655 sicut
1171 2597 1231 2655 in
1270 2598 1387 2677 ipsa
1422 2619 1635 2656 summa
1675 2596 1943 2654 Trinitate
1979 2607 2033 2653 et

296 2709 642 2776 unaquaeque
660 2706 893 2767 persona
915 2684 1063 2742 Deus
1085 2697 1186 2755 est,
1213 2705 1314 2742 cur
1335 2698 1389 2743 et
1407 2684 1600 2743 mulier
1623 2704 1734 2740 non
1754 2695 1831 2741 est
1850 2682 2031 2758 imago

297 2778 436 2836 Dei?
482 2779 624 2836 Nam
653 2788 706 2833 et
744 2785 1035 2854 propterea
1069 2785 1242 2852 caput
1272 2772 1447 2831 velare
1482 2771 1843 2853 praecipitur,
1877 2769 2030 2851 quod

295 2864 385 2924 ille
417 2865 550 2945 quia
570 2865 751 2941 imago
774 2860 879 2920 Dei
906 2873 986 2918 est
1012 2860 1396 2939 prohibetur&

375 2953 446 3012 X.
501 2951 608 3009 Sed
648 2947 950 3010 videndum
994 2960 1074 3005 est
1115 2947 1396 3028 quomodo
1433 2969 1545 3006 non
1582 2949 1652 3006 sit
1693 2944 2029 3005 contrarium

294 3038 445 3118 quod
488 3038 624 3095 dicit
674 3035 1002 3117 Apostolus,
1037 3055 1149 3092 non
1200 3035 1482 3094 mulierem
1506 3083 1520 3108 ,
1572 3035 1666 3094 sed
1701 3035 1883 3095 virum
1919 3053 2028 3090 esse

289 3124 583 3201 imaginem
617 3123 751 3194 Dei,
783 3122 920 3179 huic
949 3121 1100 3200 quod
1142 3123 1411 3203 scriptum
1437 3123 1595 3185 estin
1618 3121 1815 3191 Genesi
1845 3143 1909 3177 τε(
1930 3124 2028 3178 Fe-

355 3231 370 3260 ¹
393 3231 501 3275 Gen,
520 3243 567 3284 u,
594 3242 662 3274 22.
684 3249 741 3260 —
765 3225 785 3258 2
814 3241 830 3267 1
856 3228 951 3271 Cor.
972 3240 1033 3278 xx,
1057 3243 1098 3278 7.
1122 3249 1180 3259 —
1203 3225 1353 3275 31bid‚
1380 3229 1423 3274 5,
