<?xml version="1.0" encoding="UTF-8"?>
<!DOCTYPE html PUBLIC "-//W3C//DTD XHTML 1.0 Transitional//EN"
    "http://www.w3.org/TR/xhtml1/DTD/xhtml1-transitional.dtd">
<html xmlns="http://www.w3.org/1999/xhtml" xml:lang="en" lang="en">
 <head>
  <title>
</title>
<meta http-equiv="Content-Type" content="text/html;charset=utf-8" />
  <meta name='ocr-system' content='tesseract 3.04.00' />
  <meta name='ocr-capabilities' content='ocr_page ocr_carea ocr_par ocr_line ocrx_word'/>
</head>
<body>
  <div class='ocr_page' id='page_1' title='image "./operaomniaaccura30auguuoft_0407.png"; bbox 0 0 2144 3808; ppageno 0'>
   <div class='ocr_carea' id='block_1_1' title="bbox 580 353 1848 432">
    <p class='ocr_par' dir='ltr' id='par_1_1' title="bbox 580 353 1848 432">
     <span class='ocr_line' id='line_1_1' title="bbox 580 353 1848 432; baseline 0 -21"><span class='ocrx_word' id='word_1_1' title='bbox 580 371 650 411; x_wconf 76' lang='lat' dir='ltr'>nr:</span> <span class='ocrx_word' id='word_1_2' title='bbox 693 370 1013 423; x_wconf 73' lang='lat' dir='ltr'>rnmerrn,</span> <span class='ocrx_word' id='word_1_3' title='bbox 1062 371 1175 409; x_wconf 78' lang='lat' dir='ltr'>mn.</span> <span class='ocrx_word' id='word_1_4' title='bbox 1222 372 1349 410; x_wconf 82' lang='lat' dir='ltr'>vm.</span> <span class='ocrx_word' id='word_1_5' title='bbox 1733 353 1848 432; x_wconf 82' lang='lat'>397</span> 
     </span>
    </p>
   </div>
   <div class='ocr_carea' id='block_1_2' title="bbox 93 453 1913 3376">
    <p class='ocr_par' dir='ltr' id='par_1_2' title="bbox 93 453 1913 3376">
     <span class='ocr_line' id='line_1_2' title="bbox 122 453 1852 536; baseline -0.001 -21"><span class='ocrx_word' id='word_1_6' title='bbox 122 456 274 515; x_wconf 86' lang='lat' dir='ltr'>sciat.</span> <span class='ocrx_word' id='word_1_7' title='bbox 309 456 380 514; x_wconf 78' lang='lat' dir='ltr'>Et</span> <span class='ocrx_word' id='word_1_8' title='bbox 411 453 548 536; x_wconf 88' lang='lat' dir='ltr'>quid</span> <span class='ocrx_word' id='word_1_9' title='bbox 577 467 656 512; x_wconf 91' lang='lat' dir='ltr'>est</span> <span class='ocrx_word' id='word_1_10' title='bbox 694 456 870 512; x_wconf 89' lang='lat' dir='ltr'>Deum</span> <span class='ocrx_word' id='word_1_11' title='bbox 903 453 1040 513; x_wconf 91' lang='lat' dir='ltr'>scire</span> <span class='ocrx_word' id='word_1_12' title='bbox 1059 500 1074 526; x_wconf 86' lang='grc'>,</span> <span class='ocrx_word' id='word_1_13' title='bbox 1125 453 1229 511; x_wconf 91' lang='lat' dir='ltr'>nisi</span> <span class='ocrx_word' id='word_1_14' title='bbox 1267 474 1392 511; x_wconf 92' lang='lat' dir='ltr'>eum</span> <span class='ocrx_word' id='word_1_15' title='bbox 1421 468 1596 512; x_wconf 89' lang='lat' dir='ltr'>mente</span> <span class='ocrx_word' id='word_1_16' title='bbox 1625 455 1852 536; x_wconf 88' lang='lat' dir='ltr'>conspi-</span> 
     </span>
     <span class='ocr_line' id='line_1_3' title="bbox 124 542 1850 623; baseline -0.001 -20"><span class='ocrx_word' id='word_1_17' title='bbox 124 567 243 603; x_wconf 83' lang='lat' dir='ltr'>cere</span> <span class='ocrx_word' id='word_1_18' title='bbox 263 589 280 617; x_wconf 87' lang='lat'><strong>,</strong></span> <span class='ocrx_word' id='word_1_19' title='bbox 315 545 578 623; x_wconf 91' lang='lat' dir='ltr'>firmeque</span> <span class='ocrx_word' id='word_1_20' title='bbox 605 542 923 623; x_wconf 62' lang='lat' dir='ltr'>percipere?</span> <span class='ocrx_word' id='word_1_21' title='bbox 953 545 1078 601; x_wconf 91' lang='lat' dir='ltr'>Non</span> <span class='ocrx_word' id='word_1_22' title='bbox 1105 542 1249 600; x_wconf 87' lang='lat' dir='ltr'>enim</span> <span class='ocrx_word' id='word_1_23' title='bbox 1276 562 1478 623; x_wconf 88' lang='lat' dir='ltr'>corpus</span> <span class='ocrx_word' id='word_1_24' title='bbox 1505 558 1584 602; x_wconf 89' lang='lat' dir='ltr'>est</span> <span class='ocrx_word' id='word_1_25' title='bbox 1605 591 1619 615; x_wconf 91' lang='lat'>,</span> <span class='ocrx_word' id='word_1_26' title='bbox 1652 557 1712 601; x_wconf 91' lang='lat' dir='ltr'>ut</span> <span class='ocrx_word' id='word_1_27' title='bbox 1732 566 1850 603; x_wconf 89' lang='lat' dir='ltr'>car-</span> 
     </span>
     <span class='ocr_line' id='line_1_4' title="bbox 123 630 1852 712; baseline -0.001 -20"><span class='ocrx_word' id='word_1_28' title='bbox 123 634 236 692; x_wconf 89' lang='lat' dir='ltr'>neis</span> <span class='ocrx_word' id='word_1_29' title='bbox 264 631 437 691; x_wconf 86' lang='lat' dir='ltr'>oculis</span> <span class='ocrx_word' id='word_1_30' title='bbox 459 632 789 712; x_wconf 90' lang='lat' dir='ltr'>inquiratur.</span> <span class='ocrx_word' id='word_1_31' title='bbox 820 630 927 690; x_wconf 89' lang='lat' dir='ltr'>Sed</span> <span class='ocrx_word' id='word_1_32' title='bbox 956 644 1009 689; x_wconf 89' lang='lat' dir='ltr'>et</span> <span class='ocrx_word' id='word_1_33' title='bbox 1027 631 1183 712; x_wconf 90' lang='lat' dir='ltr'>prius</span> <span class='ocrx_word' id='word_1_34' title='bbox 1210 651 1381 711; x_wconf 90' lang='lat' dir='ltr'>quam</span> <span class='ocrx_word' id='word_1_35' title='bbox 1410 631 1686 692; x_wconf 86' lang='lat' dir='ltr'>valeamus</span> <span class='ocrx_word' id='word_1_36' title='bbox 1713 653 1852 691; x_wconf 92' lang='lat' dir='ltr'>con-</span> 
     </span>
     <span class='ocr_line' id='line_1_5' title="bbox 124 720 1853 803; baseline -0.001 -23"><span class='ocrx_word' id='word_1_37' title='bbox 124 722 330 803; x_wconf 80' lang='lat' dir='ltr'>spicere</span> <span class='ocrx_word' id='word_1_38' title='bbox 356 735 518 802; x_wconf 89' lang='lat' dir='ltr'>atque</span> <span class='ocrx_word' id='word_1_39' title='bbox 539 721 822 802; x_wconf 84' lang='lat' dir='ltr'>percipere</span> <span class='ocrx_word' id='word_1_40' title='bbox 854 723 1031 779; x_wconf 92' lang='lat' dir='ltr'>Deum</span> <span class='ocrx_word' id='word_1_41' title='bbox 1051 767 1066 793; x_wconf 83' lang='lat'>‚</span> <span class='ocrx_word' id='word_1_42' title='bbox 1105 720 1248 778; x_wconf 91' lang='lat' dir='ltr'>sicut</span> <span class='ocrx_word' id='word_1_43' title='bbox 1286 721 1532 801; x_wconf 86' lang='lat' dir='ltr'>conspici</span> <span class='ocrx_word' id='word_1_44' title='bbox 1559 735 1612 780; x_wconf 89' lang='lat' dir='ltr'>et</span> <span class='ocrx_word' id='word_1_45' title='bbox 1638 722 1853 803; x_wconf 84' lang='lat' dir='ltr'>percipi</span> 
     </span>
     <span class='ocr_line' id='line_1_6' title="bbox 124 809 1877 892; baseline 0 -23"><span class='ocrx_word' id='word_1_46' title='bbox 124 824 338 892; x_wconf 82' lang='lat' dir='ltr'>potest,</span> <span class='ocrx_word' id='word_1_47' title='bbox 372 810 523 891; x_wconf 89' lang='lat' dir='ltr'>quod</span> <span class='ocrx_word' id='word_1_48' title='bbox 542 809 1003 868; x_wconf 87' lang='lat' dir='ltr'>mundicordibus</span> <span class='ocrx_word' id='word_1_49' title='bbox 1026 810 1156 868; x_wconf 91' lang='lat' dir='ltr'>licet</span> <span class='ocrx_word' id='word_1_50' title='bbox 1184 831 1198 866; x_wconf 73' lang='grc' dir='ltr'>ι</span> <span class='ocrx_word' id='word_1_51' title='bbox 1228 836 1255 862; x_wconf 90' lang='grc'>«</span> <span class='ocrx_word' id='word_1_52' title='bbox 1278 810 1434 868; x_wconf 80' lang='lat' dir='ltr'>Beati</span> <span class='ocrx_word' id='word_1_53' title='bbox 1453 811 1597 868; x_wconf 92' lang='lat' dir='ltr'>enim</span> <span class='ocrx_word' id='word_1_54' title='bbox 1623 810 1853 869; x_wconf 86' lang='lat' dir='ltr'>mundi-</span> <span class='ocrx_word' id='word_1_55' title='bbox 1875 826 1877 830; x_wconf 78' lang='grc'>’</span> 
     </span>
     <span class='ocr_line' id='line_1_7' title="bbox 93 895 1883 980; baseline 0 -22"><span class='ocrx_word' id='word_1_56' title='bbox 93 912 99 918; x_wconf 90' lang='grc'><strong>’</strong></span> <span class='ocrx_word' id='word_1_57' title='bbox 126 927 152 953; x_wconf 81' lang='grc'>»</span> <span class='ocrx_word' id='word_1_58' title='bbox 174 899 361 958; x_wconf 87' lang='lat' dir='ltr'>cordes</span> <span class='ocrx_word' id='word_1_59' title='bbox 382 946 396 971; x_wconf 84' lang='lat'><strong><em>‚</em></strong></span> <span class='ocrx_word' id='word_1_60' title='bbox 434 899 564 979; x_wconf 90' lang='lat' dir='ltr'>quia</span> <span class='ocrx_word' id='word_1_61' title='bbox 604 898 711 978; x_wconf 91' lang='lat' dir='ltr'>ipsi</span> <span class='ocrx_word' id='word_1_62' title='bbox 759 900 940 956; x_wconf 90' lang='lat' dir='ltr'>Deum</span> <span class='ocrx_word' id='word_1_63' title='bbox 979 895 1281 958; x_wconf 79' lang='lat' dir='ltr'>videbunt1</span> <span class='ocrx_word' id='word_1_64' title='bbox 1311 920 1325 955; x_wconf 89' lang='lat'>:</span> <span class='ocrx_word' id='word_1_65' title='bbox 1357 925 1383 952; x_wconf 88' lang='lat'>›&gt;</span> <span class='ocrx_word' id='word_1_66' title='bbox 1419 899 1523 957; x_wconf 90' lang='lat' dir='ltr'>nisi</span> <span class='ocrx_word' id='word_1_67' title='bbox 1559 921 1660 980; x_wconf 90' lang='lat' dir='ltr'>per</span> <span class='ocrx_word' id='word_1_68' title='bbox 1686 899 1883 958; x_wconf 77' lang='lat' dir='ltr'>fidem‘</span> 
     </span>
     <span class='ocr_line' id='line_1_8' title="bbox 126 987 1854 1068; baseline -0.001 -21"><span class='ocrx_word' id='word_1_69' title='bbox 126 988 414 1065; x_wconf 80' lang='lat' dir='ltr'>diligatur,</span> <span class='ocrx_word' id='word_1_70' title='bbox 446 1009 558 1046; x_wconf 92' lang='lat' dir='ltr'>non</span> <span class='ocrx_word' id='word_1_71' title='bbox 580 987 786 1068; x_wconf 88' lang='lat' dir='ltr'>poterit</span> <span class='ocrx_word' id='word_1_72' title='bbox 813 1009 911 1046; x_wconf 91' lang='lat' dir='ltr'>cor</span> <span class='ocrx_word' id='word_1_73' title='bbox 938 987 1193 1045; x_wconf 87' lang='lat' dir='ltr'>mundari</span> <span class='ocrx_word' id='word_1_74' title='bbox 1217 1034 1231 1058; x_wconf 83' lang='grc'><em>,</em></span> <span class='ocrx_word' id='word_1_75' title='bbox 1263 1007 1375 1068; x_wconf 89' lang='lat' dir='ltr'>quo</span> <span class='ocrx_word' id='word_1_76' title='bbox 1406 987 1475 1046; x_wconf 90' lang='lat' dir='ltr'>ad</span> <span class='ocrx_word' id='word_1_77' title='bbox 1507 1009 1633 1047; x_wconf 91' lang='lat' dir='ltr'>eum</span> <span class='ocrx_word' id='word_1_78' title='bbox 1655 989 1854 1048; x_wconf 88' lang='lat' dir='ltr'>viden-</span> 
     </span>
     <span class='ocr_line' id='line_1_9' title="bbox 127 1075 1858 1158; baseline 0 -23"><span class='ocrx_word' id='word_1_79' title='bbox 127 1077 261 1135; x_wconf 87' lang='lat' dir='ltr'>dum</span> <span class='ocrx_word' id='word_1_80' title='bbox 284 1078 352 1135; x_wconf 90' lang='lat' dir='ltr'>sit</span> <span class='ocrx_word' id='word_1_81' title='bbox 370 1091 563 1158; x_wconf 90' lang='lat' dir='ltr'>aptum</span> <span class='ocrx_word' id='word_1_82' title='bbox 585 1089 638 1135; x_wconf 91' lang='lat' dir='ltr'>et</span> <span class='ocrx_word' id='word_1_83' title='bbox 664 1075 944 1136; x_wconf 92' lang='lat' dir='ltr'>idoneum.</span> <span class='ocrx_word' id='word_1_84' title='bbox 971 1077 1084 1134; x_wconf 90' lang='lat' dir='ltr'>Ubi</span> <span class='ocrx_word' id='word_1_85' title='bbox 1109 1088 1237 1134; x_wconf 93' lang='lat' dir='ltr'>sunt</span> <span class='ocrx_word' id='word_1_86' title='bbox 1254 1076 1399 1134; x_wconf 90' lang='lat' dir='ltr'>enim</span> <span class='ocrx_word' id='word_1_87' title='bbox 1418 1077 1511 1141; x_wconf 88' lang='lat' dir='ltr'>illa</span> <span class='ocrx_word' id='word_1_88' title='bbox 1536 1078 1661 1150; x_wconf 82' lang='lat' dir='ltr'>tria,</span> <span class='ocrx_word' id='word_1_89' title='bbox 1686 1098 1858 1158; x_wconf 86' lang='lat' dir='ltr'>prop-</span> 
     </span>
     <span class='ocr_line' id='line_1_10' title="bbox 128 1163 1857 1247; baseline -0.001 -23"><span class='ocrx_word' id='word_1_90' title='bbox 128 1180 208 1225; x_wconf 90' lang='lat' dir='ltr'>ter</span> <span class='ocrx_word' id='word_1_91' title='bbox 231 1187 357 1247; x_wconf 83' lang='lat' dir='ltr'>quae</span> <span class='ocrx_word' id='word_1_92' title='bbox 384 1166 443 1224; x_wconf 93' lang='lat' dir='ltr'>in</span> <span class='ocrx_word' id='word_1_93' title='bbox 468 1166 651 1234; x_wconf 86' lang='lat' dir='ltr'>animo</span> <span class='ocrx_word' id='word_1_94' title='bbox 687 1164 1015 1223; x_wconf 83' lang='lat' dir='ltr'>aedificanda</span> <span class='ocrx_word' id='word_1_95' title='bbox 1047 1164 1296 1223; x_wconf 90' lang='lat' dir='ltr'>omnium</span> <span class='ocrx_word' id='word_1_96' title='bbox 1332 1163 1857 1224; x_wconf 78' lang='lat' dir='ltr'>divinorumlibro-</span> 
     </span>
     <span class='ocr_line' id='line_1_11' title="bbox 127 1253 1887 1335; baseline -0.001 -20"><span class='ocrx_word' id='word_1_97' title='bbox 127 1278 250 1315; x_wconf 89' lang='lat' dir='ltr'>rum</span> <span class='ocrx_word' id='word_1_98' title='bbox 275 1256 718 1333; x_wconf 70' lang='lat' dir='ltr'>machinamenta</span> <span class='ocrx_word' id='word_1_99' title='bbox 747 1267 1086 1331; x_wconf 91' lang='lat' dir='ltr'>consurgunt</span> <span class='ocrx_word' id='word_1_100' title='bbox 1106 1301 1121 1326; x_wconf 82' lang='lat'>‚</span> <span class='ocrx_word' id='word_1_101' title='bbox 1156 1253 1290 1312; x_wconf 87' lang='lat' dir='ltr'>fides</span> <span class='ocrx_word' id='word_1_102' title='bbox 1312 1299 1327 1325; x_wconf 84' lang='lat'>‚</span> <span class='ocrx_word' id='word_1_103' title='bbox 1374 1277 1494 1335; x_wconf 88' lang='lat' dir='ltr'>spes</span> <span class='ocrx_word' id='word_1_104' title='bbox 1515 1302 1530 1325; x_wconf 87' lang='lat'>‚</span> <span class='ocrx_word' id='word_1_105' title='bbox 1581 1255 1854 1326; x_wconf 82' lang='lat' dir='ltr'>charitaS‚</span> <span class='ocrx_word' id='word_1_106' title='bbox 1885 1300 1887 1302; x_wconf 87' lang='lat'>-</span> 
     </span>
     <span class='ocr_line' id='line_1_12' title="bbox 130 1344 1862 1426; baseline -0.002 -22"><span class='ocrx_word' id='word_1_107' title='bbox 130 1347 235 1405; x_wconf 84' lang='lat' dir='ltr'>nisi</span> <span class='ocrx_word' id='word_1_108' title='bbox 272 1347 330 1404; x_wconf 92' lang='lat' dir='ltr'>in</span> <span class='ocrx_word' id='word_1_109' title='bbox 367 1346 547 1403; x_wconf 90' lang='lat' dir='ltr'>animo</span> <span class='ocrx_word' id='word_1_110' title='bbox 583 1344 835 1403; x_wconf 87' lang='lat' dir='ltr'>credente</span> <span class='ocrx_word' id='word_1_111' title='bbox 857 1344 1012 1426; x_wconf 91' lang='lat' dir='ltr'>quod</span> <span class='ocrx_word' id='word_1_112' title='bbox 1036 1344 1285 1403; x_wconf 88' lang='lat' dir='ltr'>nondum</span> <span class='ocrx_word' id='word_1_113' title='bbox 1312 1344 1461 1404; x_wconf 88' lang='lat' dir='ltr'>videt</span> <span class='ocrx_word' id='word_1_114' title='bbox 1478 1391 1493 1417; x_wconf 90' lang='lat'><strong><em>,</em></strong></span> <span class='ocrx_word' id='word_1_115' title='bbox 1531 1358 1584 1404; x_wconf 91' lang='lat' dir='ltr'>et</span> <span class='ocrx_word' id='word_1_116' title='bbox 1611 1357 1862 1426; x_wconf 86' lang='lat' dir='ltr'>sperante</span> 
     </span>
     <span class='ocr_line' id='line_1_13' title="bbox 112 1433 1866 1519; baseline -0.002 -25"><span class='ocrx_word' id='word_1_117' title='bbox 112 1449 294 1519; x_wconf 23' lang='lat' dir='ltr'>,atque</span> <span class='ocrx_word' id='word_1_118' title='bbox 319 1446 534 1492; x_wconf 90' lang='lat' dir='ltr'>amante</span> <span class='ocrx_word' id='word_1_119' title='bbox 558 1433 711 1515; x_wconf 90' lang='lat' dir='ltr'>quod</span> <span class='ocrx_word' id='word_1_120' title='bbox 739 1433 989 1492; x_wconf 73' lang='lat' dir='ltr'>credit2‘?</span> <span class='ocrx_word' id='word_1_121' title='bbox 1027 1434 1256 1492; x_wconf 82' lang='lat' dir='ltr'>Amatur</span> <span class='ocrx_word' id='word_1_122' title='bbox 1282 1454 1408 1509; x_wconf 92' lang='lat' dir='ltr'>ergo</span> <span class='ocrx_word' id='word_1_123' title='bbox 1442 1445 1496 1491; x_wconf 89' lang='lat' dir='ltr'>et</span> <span class='ocrx_word' id='word_1_124' title='bbox 1519 1433 1618 1514; x_wconf 90' lang='lat' dir='ltr'>qui</span> <span class='ocrx_word' id='word_1_125' title='bbox 1641 1434 1866 1510; x_wconf 91' lang='lat' dir='ltr'>ignora-</span> 
     </span>
     <span class='ocr_line' id='line_1_14' title="bbox 133 1522 1858 1594; baseline -0.002 -11"><span class='ocrx_word' id='word_1_126' title='bbox 133 1538 258 1592; x_wconf 81' lang='lat' dir='ltr'>tur3</span> <span class='ocrx_word' id='word_1_127' title='bbox 289 1523 381 1585; x_wconf 88' lang='lat' dir='ltr'>sed</span> <span class='ocrx_word' id='word_1_128' title='bbox 409 1536 591 1582; x_wconf 89' lang='lat' dir='ltr'>tamen</span> <span class='ocrx_word' id='word_1_129' title='bbox 622 1523 884 1588; x_wconf 61' lang='lat' dir='ltr'>caeditur.</span> <span class='ocrx_word' id='word_1_130' title='bbox 922 1523 1197 1582; x_wconf 89' lang='lat' dir='ltr'>Nimirum</span> <span class='ocrx_word' id='word_1_131' title='bbox 1219 1535 1401 1580; x_wconf 89' lang='lat' dir='ltr'>autem</span> <span class='ocrx_word' id='word_1_132' title='bbox 1429 1522 1735 1583; x_wconf 85' lang='lat' dir='ltr'>cavendum</span> <span class='ocrx_word' id='word_1_133' title='bbox 1757 1534 1858 1594; x_wconf 79' lang='lat' dir='ltr'>est,</span> 
     </span>
     <span class='ocr_line' id='line_1_15' title="bbox 133 1609 1864 1692; baseline -0.003 -19"><span class='ocrx_word' id='word_1_134' title='bbox 133 1635 201 1673; x_wconf 91' lang='lat' dir='ltr'>ne</span> <span class='ocrx_word' id='word_1_135' title='bbox 225 1612 450 1671; x_wconf 90' lang='lat' dir='ltr'>credens</span> <span class='ocrx_word' id='word_1_136' title='bbox 480 1612 694 1670; x_wconf 91' lang='lat' dir='ltr'>animus</span> <span class='ocrx_word' id='word_1_137' title='bbox 721 1611 780 1670; x_wconf 90' lang='lat' dir='ltr'>id</span> <span class='ocrx_word' id='word_1_138' title='bbox 800 1612 953 1692; x_wconf 92' lang='lat' dir='ltr'>quod</span> <span class='ocrx_word' id='word_1_139' title='bbox 972 1633 1086 1670; x_wconf 93' lang='lat' dir='ltr'>non</span> <span class='ocrx_word' id='word_1_140' title='bbox 1106 1611 1257 1671; x_wconf 90' lang='lat' dir='ltr'>videt</span> <span class='ocrx_word' id='word_1_141' title='bbox 1273 1658 1288 1683; x_wconf 83' lang='lat'>‚</span> <span class='ocrx_word' id='word_1_142' title='bbox 1320 1612 1492 1689; x_wconf 90' lang='lat' dir='ltr'>fingat</span> <span class='ocrx_word' id='word_1_143' title='bbox 1519 1611 1626 1669; x_wconf 90' lang='lat' dir='ltr'>sibi</span> <span class='ocrx_word' id='word_1_144' title='bbox 1650 1609 1864 1692; x_wconf 88' lang='lat' dir='ltr'>aliquid</span> 
     </span>
     <span class='ocr_line' id='line_1_16' title="bbox 135 1700 1866 1785; baseline -0.001 -24"><span class='ocrx_word' id='word_1_145' title='bbox 135 1703 286 1785; x_wconf 90' lang='lat' dir='ltr'>quod</span> <span class='ocrx_word' id='word_1_146' title='bbox 309 1724 420 1760; x_wconf 91' lang='lat' dir='ltr'>non</span> <span class='ocrx_word' id='word_1_147' title='bbox 441 1715 552 1774; x_wconf 86' lang='lat' dir='ltr'>est,</span> <span class='ocrx_word' id='word_1_148' title='bbox 582 1715 635 1760; x_wconf 91' lang='lat' dir='ltr'>et</span> <span class='ocrx_word' id='word_1_149' title='bbox 655 1715 833 1784; x_wconf 90' lang='lat' dir='ltr'>speret</span> <span class='ocrx_word' id='word_1_150' title='bbox 853 1702 1152 1782; x_wconf 84' lang='lat' dir='ltr'>diligatque</span> <span class='ocrx_word' id='word_1_151' title='bbox 1174 1701 1328 1782; x_wconf 88' lang='lat' dir='ltr'>quod</span> <span class='ocrx_word' id='word_1_152' title='bbox 1351 1700 1549 1760; x_wconf 89' lang='lat' dir='ltr'>falsum</span> <span class='ocrx_word' id='word_1_153' title='bbox 1569 1714 1664 1761; x_wconf 90' lang='lat' dir='ltr'>est.</span> <span class='ocrx_word' id='word_1_154' title='bbox 1696 1700 1866 1774; x_wconf 87' lang='lat' dir='ltr'>Quod</span> 
     </span>
     <span class='ocr_line' id='line_1_17' title="bbox 137 1790 1869 1872; baseline -0.001 -22"><span class='ocrx_word' id='word_1_155' title='bbox 137 1793 181 1850; x_wconf 92' lang='lat' dir='ltr'>si</span> <span class='ocrx_word' id='word_1_156' title='bbox 203 1794 266 1850; x_wconf 91' lang='lat' dir='ltr'>fit</span> <span class='ocrx_word' id='word_1_157' title='bbox 283 1839 297 1864; x_wconf 85' lang='lat'>‚</span> <span class='ocrx_word' id='word_1_158' title='bbox 324 1814 437 1850; x_wconf 88' lang='lat' dir='ltr'>non</span> <span class='ocrx_word' id='word_1_159' title='bbox 456 1793 558 1850; x_wconf 87' lang='lat' dir='ltr'>erit</span> <span class='ocrx_word' id='word_1_160' title='bbox 580 1791 819 1849; x_wconf 89' lang='lat' dir='ltr'>charitas</span> <span class='ocrx_word' id='word_1_161' title='bbox 849 1792 918 1849; x_wconf 83' lang='lat' dir='ltr'>de</span> <span class='ocrx_word' id='word_1_162' title='bbox 943 1791 1107 1850; x_wconf 88' lang='lat' dir='ltr'>corde</span> <span class='ocrx_word' id='word_1_163' title='bbox 1128 1813 1271 1872; x_wconf 87' lang='lat' dir='ltr'>puro</span> <span class='ocrx_word' id='word_1_164' title='bbox 1295 1804 1348 1849; x_wconf 93' lang='lat' dir='ltr'>et</span> <span class='ocrx_word' id='word_1_165' title='bbox 1370 1790 1700 1850; x_wconf 89' lang='lat' dir='ltr'>conscientia</span> <span class='ocrx_word' id='word_1_166' title='bbox 1717 1790 1869 1850; x_wconf 87' lang='lat' dir='ltr'>bona</span> 
     </span>
     <span class='ocr_line' id='line_1_18' title="bbox 138 1879 1867 1963; baseline -0.001 -23"><span class='ocrx_word' id='word_1_167' title='bbox 138 1896 192 1940; x_wconf 87' lang='lat' dir='ltr'>et</span> <span class='ocrx_word' id='word_1_168' title='bbox 218 1880 326 1939; x_wconf 92' lang='lat' dir='ltr'>fide</span> <span class='ocrx_word' id='word_1_169' title='bbox 363 1902 474 1939; x_wconf 91' lang='lat' dir='ltr'>non</span> <span class='ocrx_word' id='word_1_170' title='bbox 514 1880 679 1939; x_wconf 74' lang='lat' dir='ltr'>ficta³</span> <span class='ocrx_word' id='word_1_171' title='bbox 701 1928 716 1953; x_wconf 85' lang='lat'><strong>,</strong></span> <span class='ocrx_word' id='word_1_172' title='bbox 758 1902 887 1962; x_wconf 88' lang='lat' dir='ltr'>quae</span> <span class='ocrx_word' id='word_1_173' title='bbox 915 1881 1039 1939; x_wconf 87' lang='lat' dir='ltr'>finis</span> <span class='ocrx_word' id='word_1_174' title='bbox 1074 1880 1344 1963; x_wconf 84' lang='lat' dir='ltr'>praecepti</span> <span class='ocrx_word' id='word_1_175' title='bbox 1382 1893 1494 1953; x_wconf 88' lang='lat' dir='ltr'>est,</span> <span class='ocrx_word' id='word_1_176' title='bbox 1538 1880 1680 1939; x_wconf 90' lang='lat' dir='ltr'>sicut</span> <span class='ocrx_word' id='word_1_177' title='bbox 1720 1879 1867 1939; x_wconf 91' lang='lat' dir='ltr'>idem</span> 
     </span>
     <span class='ocr_line' id='line_1_19' title="bbox 141 1969 687 2052; baseline -0.002 -22"><span class='ocrx_word' id='word_1_178' title='bbox 141 1969 435 2052; x_wconf 88' lang='lat' dir='ltr'>Apostolus</span> <span class='ocrx_word' id='word_1_179' title='bbox 465 1969 617 2033; x_wconf 87' lang='lat' dir='ltr'>dicit.</span> <span class='ocrx_word' id='word_1_180' title='bbox 685 2010 687 2014; x_wconf 54' lang='lat'>&gt;</span> 
     </span>
     <span class='ocr_line' id='line_1_20' title="bbox 223 2059 1869 2140; baseline -0.001 -20"><span class='ocrx_word' id='word_1_181' title='bbox 223 2061 348 2120; x_wconf 78' lang='lat' dir='ltr'><strong>Vll.</strong></span> <span class='ocrx_word' id='word_1_182' title='bbox 387 2061 611 2118; x_wconf 87' lang='lat' dir='ltr'>Necesse</span> <span class='ocrx_word' id='word_1_183' title='bbox 650 2073 730 2118; x_wconf 88' lang='lat' dir='ltr'>est</span> <span class='ocrx_word' id='word_1_184' title='bbox 754 2073 934 2120; x_wconf 88' lang='lat' dir='ltr'>autem</span> <span class='ocrx_word' id='word_1_185' title='bbox 960 2106 974 2132; x_wconf 88' lang='lat'>‚</span> <span class='ocrx_word' id='word_1_186' title='bbox 1012 2080 1140 2118; x_wconf 90' lang='lat' dir='ltr'>cum</span> <span class='ocrx_word' id='word_1_187' title='bbox 1176 2059 1359 2140; x_wconf 88' lang='lat' dir='ltr'>aliqua</span> <span class='ocrx_word' id='word_1_188' title='bbox 1393 2059 1701 2139; x_wconf 90' lang='lat' dir='ltr'>corporalia</span> <span class='ocrx_word' id='word_1_189' title='bbox 1727 2059 1869 2118; x_wconf 88' lang='lat' dir='ltr'>lecta</span> 
     </span>
     <span class='ocr_line' id='line_1_21' title="bbox 139 2147 1893 2229; baseline -0.002 -20"><span class='ocrx_word' id='word_1_190' title='bbox 139 2149 227 2209; x_wconf 84' lang='lat' dir='ltr'>vel</span> <span class='ocrx_word' id='word_1_191' title='bbox 254 2147 443 2217; x_wconf 90' lang='lat' dir='ltr'>audita</span> <span class='ocrx_word' id='word_1_192' title='bbox 476 2169 602 2228; x_wconf 84' lang='lat' dir='ltr'>quae</span> <span class='ocrx_word' id='word_1_193' title='bbox 632 2170 747 2229; x_wconf 88' lang='lat' dir='ltr'>non</span> <span class='ocrx_word' id='word_1_194' title='bbox 769 2148 1038 2219; x_wconf 81' lang='lat' dir='ltr'>vidimuS‚</span> <span class='ocrx_word' id='word_1_195' title='bbox 1082 2147 1354 2205; x_wconf 89' lang='lat' dir='ltr'>credimus</span> <span class='ocrx_word' id='word_1_196' title='bbox 1376 2194 1390 2218; x_wconf 86' lang='lat'>‚</span> <span class='ocrx_word' id='word_1_197' title='bbox 1417 2149 1598 2223; x_wconf 72' lang='lat' dir='ltr'>‘fingat</span> <span class='ocrx_word' id='word_1_198' title='bbox 1625 2147 1730 2205; x_wconf 90' lang='lat' dir='ltr'>sibi</span> <span class='ocrx_word' id='word_1_199' title='bbox 1766 2147 1893 2206; x_wconf 88' lang='lat' dir='ltr'>ali--</span> 
     </span>
     <span class='ocr_line' id='line_1_22' title="bbox 143 2236 1872 2325; baseline -0.001 -29"><span class='ocrx_word' id='word_1_200' title='bbox 143 2237 280 2325; x_wconf 87' lang='lat' dir='ltr'>quid</span> <span class='ocrx_word' id='word_1_201' title='bbox 317 2238 531 2296; x_wconf 89' lang='lat' dir='ltr'>animus</span> <span class='ocrx_word' id='word_1_202' title='bbox 565 2238 625 2295; x_wconf 94' lang='lat' dir='ltr'>in</span> <span class='ocrx_word' id='word_1_203' title='bbox 656 2237 997 2295; x_wconf 88' lang='lat' dir='ltr'>lineamentis</span> <span class='ocrx_word' id='word_1_204' title='bbox 1031 2236 1344 2316; x_wconf 63' lang='lat' dir='ltr'>formisque*</span> <span class='ocrx_word' id='word_1_205' title='bbox 1362 2257 1660 2317; x_wconf 89' lang='lat' dir='ltr'>corporum</span> <span class='ocrx_word' id='word_1_206' title='bbox 1681 2283 1696 2308; x_wconf 88' lang='lat'>‚</span> <span class='ocrx_word' id='word_1_207' title='bbox 1730 2236 1872 2295; x_wconf 90' lang='lat' dir='ltr'>sicut</span> 
     </span>
     <span class='ocr_line' id='line_1_23' title="bbox 145 2324 1872 2411; baseline -0.001 -27"><span class='ocrx_word' id='word_1_208' title='bbox 145 2326 446 2384; x_wconf 88' lang='lat' dir='ltr'>occurrerit</span> <span class='ocrx_word' id='word_1_209' title='bbox 471 2325 770 2401; x_wconf 85' lang='lat' dir='ltr'>cogitanti,</span> <span class='ocrx_word' id='word_1_210' title='bbox 803 2324 957 2411; x_wconf 84' lang='lat' dir='ltr'>quod</span> <span class='ocrx_word' id='word_1_211' title='bbox 979 2337 1072 2382; x_wconf 91' lang='lat' dir='ltr'>aut</span> <span class='ocrx_word' id='word_1_212' title='bbox 1093 2345 1285 2385; x_wconf 88' lang='lat' dir='ltr'>verum</span> <span class='ocrx_word' id='word_1_213' title='bbox 1301 2346 1414 2382; x_wconf 91' lang='lat' dir='ltr'>non</span> <span class='ocrx_word' id='word_1_214' title='bbox 1442 2325 1510 2382; x_wconf 90' lang='lat' dir='ltr'>sit</span> <span class='ocrx_word' id='word_1_215' title='bbox 1530 2371 1546 2398; x_wconf 85' lang='grc'>,</span> <span class='ocrx_word' id='word_1_216' title='bbox 1586 2338 1680 2383; x_wconf 91' lang='lat' dir='ltr'>aut</span> <span class='ocrx_word' id='word_1_217' title='bbox 1709 2324 1872 2384; x_wconf 89' lang='lat' dir='ltr'>etiam</span> 
     </span>
     <span class='ocr_line' id='line_1_24' title="bbox 146 2413 1874 2494; baseline -0.001 -22"><span class='ocrx_word' id='word_1_218' title='bbox 146 2416 189 2472; x_wconf 89' lang='lat' dir='ltr'>si</span> <span class='ocrx_word' id='word_1_219' title='bbox 208 2435 397 2473; x_wconf 84' lang='lat' dir='ltr'>verum</span> <span class='ocrx_word' id='word_1_220' title='bbox 433 2427 540 2486; x_wconf 83' lang='lat' dir='ltr'>est,</span> <span class='ocrx_word' id='word_1_221' title='bbox 584 2414 734 2494; x_wconf 89' lang='lat' dir='ltr'>quod</span> <span class='ocrx_word' id='word_1_222' title='bbox 764 2413 1031 2472; x_wconf 89' lang='lat' dir='ltr'>rarissime</span> <span class='ocrx_word' id='word_1_223' title='bbox 1061 2426 1240 2494; x_wconf 87' lang='lat' dir='ltr'>potest</span> <span class='ocrx_word' id='word_1_224' title='bbox 1273 2413 1519 2472; x_wconf 85' lang='lat' dir='ltr'>accidere</span> <span class='ocrx_word' id='word_1_225' title='bbox 1553 2436 1568 2472; x_wconf 71' lang='grc' dir='ltr'><strong>ε</strong></span> <span class='ocrx_word' id='word_1_226' title='bbox 1606 2436 1719 2473; x_wconf 91' lang='lat' dir='ltr'>non</span> <span class='ocrx_word' id='word_1_227' title='bbox 1762 2414 1874 2471; x_wconf 89' lang='lat' dir='ltr'>hoc</span> 
     </span>
     <span class='ocr_line' id='line_1_25' title="bbox 151 2502 1876 2585; baseline -0.001 -23"><span class='ocrx_word' id='word_1_228' title='bbox 151 2518 330 2562; x_wconf 87' lang='lat' dir='ltr'>tamen</span> <span class='ocrx_word' id='word_1_229' title='bbox 362 2503 471 2562; x_wconf 88' lang='lat' dir='ltr'>fide</span> <span class='ocrx_word' id='word_1_230' title='bbox 492 2517 556 2561; x_wconf 93' lang='lat' dir='ltr'>ut</span> <span class='ocrx_word' id='word_1_231' title='bbox 582 2517 862 2563; x_wconf 88' lang='lat' dir='ltr'>teneamus</span> <span class='ocrx_word' id='word_1_232' title='bbox 882 2503 1191 2585; x_wconf 79' lang='lat' dir='ltr'>quidquam</span> <span class='ocrx_word' id='word_1_233' title='bbox 1219 2503 1473 2584; x_wconf 82' lang='lat' dir='ltr'>prodest,</span> <span class='ocrx_word' id='word_1_234' title='bbox 1501 2503 1592 2563; x_wconf 90' lang='lat' dir='ltr'>sed</span> <span class='ocrx_word' id='word_1_235' title='bbox 1624 2504 1693 2562; x_wconf 85' lang='lat' dir='ltr'>ad</span> <span class='ocrx_word' id='word_1_236' title='bbox 1725 2502 1876 2561; x_wconf 88' lang='lat' dir='ltr'>aliud</span> 
     </span>
     <span class='ocr_line' id='line_1_26' title="bbox 149 2591 1878 2674; baseline -0.001 -23"><span class='ocrx_word' id='word_1_237' title='bbox 149 2591 359 2674; x_wconf 89' lang='lat' dir='ltr'>aliquid</span> <span class='ocrx_word' id='word_1_238' title='bbox 390 2592 549 2664; x_wconf 81' lang='lat' dir='ltr'>utile,</span> <span class='ocrx_word' id='word_1_239' title='bbox 585 2591 737 2672; x_wconf 88' lang='lat' dir='ltr'>quod</span> <span class='ocrx_word' id='word_1_240' title='bbox 755 2613 856 2673; x_wconf 90' lang='lat' dir='ltr'>per</span> <span class='ocrx_word' id='word_1_241' title='bbox 876 2592 986 2650; x_wconf 90' lang='lat' dir='ltr'>hoc</span> <span class='ocrx_word' id='word_1_242' title='bbox 1009 2592 1335 2652; x_wconf 90' lang='lat' dir='ltr'>insinuatur.</span> <span class='ocrx_word' id='word_1_243' title='bbox 1372 2592 1508 2664; x_wconf 87' lang='lat' dir='ltr'>Quis</span> <span class='ocrx_word' id='word_1_244' title='bbox 1535 2592 1681 2650; x_wconf 91' lang='lat' dir='ltr'>enim</span> <span class='ocrx_word' id='word_1_245' title='bbox 1701 2591 1878 2667; x_wconf 89' lang='lat' dir='ltr'>legen—</span> 
     </span>
     <span class='ocr_line' id='line_1_27' title="bbox 150 2679 1879 2761; baseline -0.001 -22"><span class='ocrx_word' id='word_1_246' title='bbox 150 2681 288 2740; x_wconf 84' lang='lat' dir='ltr'>tium</span> <span class='ocrx_word' id='word_1_247' title='bbox 319 2680 404 2740; x_wconf 84' lang='lat' dir='ltr'>vel</span> <span class='ocrx_word' id='word_1_248' title='bbox 435 2680 776 2758; x_wconf 89' lang='lat' dir='ltr'>audientium</span> <span class='ocrx_word' id='word_1_249' title='bbox 813 2701 939 2760; x_wconf 86' lang='lat' dir='ltr'>quae</span> <span class='ocrx_word' id='word_1_250' title='bbox 970 2681 1190 2761; x_wconf 90' lang='lat' dir='ltr'>scripsit</span> <span class='ocrx_word' id='word_1_251' title='bbox 1229 2680 1506 2760; x_wconf 87' lang='lat' dir='ltr'>apostolus</span> <span class='ocrx_word' id='word_1_252' title='bbox 1522 2679 1765 2752; x_wconf 74' lang='lat' dir='ltr'>&#39;PauluS‚</span> <span class='ocrx_word' id='word_1_253' title='bbox 1792 2679 1879 2738; x_wconf 86' lang='lat' dir='ltr'>vel</span> 
     </span>
     <span class='ocr_line' id='line_1_28' title="bbox 150 2768 1882 2852; baseline -0.002 -24"><span class='ocrx_word' id='word_1_254' title='bbox 150 2791 277 2852; x_wconf 83' lang='lat' dir='ltr'>quae</span> <span class='ocrx_word' id='word_1_255' title='bbox 296 2769 364 2827; x_wconf 89' lang='lat' dir='ltr'>de</span> <span class='ocrx_word' id='word_1_256' title='bbox 386 2768 482 2827; x_wconf 92' lang='lat' dir='ltr'>illo</span> <span class='ocrx_word' id='word_1_257' title='bbox 502 2770 707 2850; x_wconf 89' lang='lat' dir='ltr'>scripta</span> <span class='ocrx_word' id='word_1_258' title='bbox 728 2783 855 2827; x_wconf 90' lang='lat' dir='ltr'>sunt</span> <span class='ocrx_word' id='word_1_259' title='bbox 873 2815 888 2841; x_wconf 83' lang='lat'><strong>,</strong></span> <span class='ocrx_word' id='word_1_260' title='bbox 913 2790 1025 2827; x_wconf 92' lang='lat' dir='ltr'>non</span> <span class='ocrx_word' id='word_1_261' title='bbox 1052 2771 1223 2845; x_wconf 88' lang='lat' dir='ltr'>fingat</span> <span class='ocrx_word' id='word_1_262' title='bbox 1251 2769 1430 2827; x_wconf 91' lang='lat' dir='ltr'>animo</span> <span class='ocrx_word' id='word_1_263' title='bbox 1450 2781 1501 2826; x_wconf 93' lang='lat' dir='ltr'>et</span> <span class='ocrx_word' id='word_1_264' title='bbox 1518 2768 1688 2848; x_wconf 89' lang='lat' dir='ltr'>ipsius</span> <span class='ocrx_word' id='word_1_265' title='bbox 1708 2768 1882 2848; x_wconf 91' lang='lat' dir='ltr'>Apos-</span> 
     </span>
     <span class='ocr_line' id='line_1_29' title="bbox 153 2856 1882 2939; baseline -0.002 -23"><span class='ocrx_word' id='word_1_266' title='bbox 153 2859 249 2917; x_wconf 86' lang='lat' dir='ltr'>toli</span> <span class='ocrx_word' id='word_1_267' title='bbox 277 2857 471 2916; x_wconf 89' lang='lat' dir='ltr'>faciem</span> <span class='ocrx_word' id='word_1_268' title='bbox 489 2903 502 2927; x_wconf 84' lang='lat'><strong>,</strong></span> <span class='ocrx_word' id='word_1_269' title='bbox 543 2871 597 2915; x_wconf 89' lang='lat' dir='ltr'>et</span> <span class='ocrx_word' id='word_1_270' title='bbox 625 2858 873 2917; x_wconf 90' lang='lat' dir='ltr'>omnium</span> <span class='ocrx_word' id='word_1_271' title='bbox 907 2879 1146 2939; x_wconf 86' lang='lat' dir='ltr'>quorum</span> <span class='ocrx_word' id='word_1_272' title='bbox 1173 2857 1255 2915; x_wconf 90' lang='lat' dir='ltr'>ibi</span> <span class='ocrx_word' id='word_1_273' title='bbox 1283 2856 1508 2915; x_wconf 88' lang='lat' dir='ltr'>nomina</span> <span class='ocrx_word' id='word_1_274' title='bbox 1543 2877 1882 2916; x_wconf 90' lang='lat' dir='ltr'>commemo-</span> 
     </span>
     <span class='ocr_line' id='line_1_30' title="bbox 155 2945 1913 3027; baseline -0.002 -21"><span class='ocrx_word' id='word_1_275' title='bbox 155 2949 384 3006; x_wconf 73' lang='lat' dir='ltr'>rantur?</span> <span class='ocrx_word' id='word_1_276' title='bbox 429 2946 500 3002; x_wconf 91' lang='lat' dir='ltr'>Et</span> <span class='ocrx_word' id='word_1_277' title='bbox 529 2965 657 3004; x_wconf 91' lang='lat' dir='ltr'>cum</span> <span class='ocrx_word' id='word_1_278' title='bbox 685 2947 743 3004; x_wconf 91' lang='lat' dir='ltr'>in</span> <span class='ocrx_word' id='word_1_279' title='bbox 776 2960 929 3005; x_wconf 90' lang='lat' dir='ltr'>tanta</span> <span class='ocrx_word' id='word_1_280' title='bbox 970 2947 1263 3004; x_wconf 78' lang='lat' dir='ltr'>hominum</span> <span class='ocrx_word' id='word_1_281' title='bbox 1298 2945 1654 3004; x_wconf 87' lang='lat' dir='ltr'>multitudine</span> <span class='ocrx_word' id='word_1_282' title='bbox 1681 2946 1913 3027; x_wconf 89' lang='lat' dir='ltr'>quibus</span> 
     </span>
     <span class='ocr_line' id='line_1_31' title="bbox 155 3034 1886 3115; baseline -0.001 -21"><span class='ocrx_word' id='word_1_283' title='bbox 155 3036 266 3094; x_wconf 88' lang='lat' dir='ltr'>illae</span> <span class='ocrx_word' id='word_1_284' title='bbox 292 3034 487 3093; x_wconf 83' lang='lat' dir='ltr'>litterae</span> <span class='ocrx_word' id='word_1_285' title='bbox 507 3047 650 3093; x_wconf 85' lang='lat' dir='ltr'>notae</span> <span class='ocrx_word' id='word_1_286' title='bbox 666 3049 793 3093; x_wconf 86' lang='lat' dir='ltr'>sunt</span> <span class='ocrx_word' id='word_1_287' title='bbox 813 3080 828 3106; x_wconf 83' lang='lat'><strong>,</strong></span> <span class='ocrx_word' id='word_1_288' title='bbox 857 3034 992 3093; x_wconf 89' lang='lat' dir='ltr'>alius</span> <span class='ocrx_word' id='word_1_289' title='bbox 1013 3034 1168 3092; x_wconf 89' lang='lat' dir='ltr'>aliter</span> <span class='ocrx_word' id='word_1_290' title='bbox 1188 3034 1516 3093; x_wconf 89' lang='lat' dir='ltr'>lineamenta</span> <span class='ocrx_word' id='word_1_291' title='bbox 1544 3035 1886 3115; x_wconf 87' lang='lat' dir='ltr'>figuramque</span> 
     </span>
     <span class='ocr_line' id='line_1_32' title="bbox 159 3121 1889 3203; baseline -0.001 -23"><span class='ocrx_word' id='word_1_292' title='bbox 159 3122 380 3181; x_wconf 90' lang='lat' dir='ltr'>illorum</span> <span class='ocrx_word' id='word_1_293' title='bbox 407 3143 704 3201; x_wconf 90' lang='lat' dir='ltr'>corporum</span> <span class='ocrx_word' id='word_1_294' title='bbox 738 3121 940 3197; x_wconf 86' lang='lat' dir='ltr'>cogitet</span> <span class='ocrx_word' id='word_1_295' title='bbox 960 3168 975 3194; x_wconf 87' lang='lat'>‚</span> <span class='ocrx_word' id='word_1_296' title='bbox 1007 3124 1131 3203; x_wconf 90' lang='lat' dir='ltr'>quis</span> <span class='ocrx_word' id='word_1_297' title='bbox 1167 3123 1540 3203; x_wconf 71' lang='lat' dir='ltr'>propinquius</span> <span class='ocrx_word' id='word_1_298' title='bbox 1571 3135 1624 3180; x_wconf 90' lang='lat' dir='ltr'>et</span> <span class='ocrx_word' id='word_1_299' title='bbox 1661 3122 1889 3180; x_wconf 91' lang='lat' dir='ltr'>similius</span> 
     </span>
     <span class='ocr_line' id='line_1_33' title="bbox 158 3204 1893 3292; baseline -0.001 -25"><span class='ocrx_word' id='word_1_300' title='bbox 158 3211 394 3286; x_wconf 86' lang='lat' dir='ltr'>cogitet,</span> <span class='ocrx_word' id='word_1_301' title='bbox 425 3210 612 3290; x_wconf 89' lang='lat' dir='ltr'>utique</span> <span class='ocrx_word' id='word_1_302' title='bbox 641 3204 910 3267; x_wconf 89' lang='lat' dir='ltr'>incertum</span> <span class='ocrx_word' id='word_1_303' title='bbox 951 3223 1048 3270; x_wconf 87' lang='lat' dir='ltr'>est.</span> <span class='ocrx_word' id='word_1_304' title='bbox 1088 3211 1278 3290; x_wconf 85' lang='lat' dir='ltr'>Neque</span> <span class='ocrx_word' id='word_1_305' title='bbox 1305 3210 1386 3267; x_wconf 89' lang='lat' dir='ltr'>ibi</span> <span class='ocrx_word' id='word_1_306' title='bbox 1422 3223 1731 3292; x_wconf 88' lang='lat' dir='ltr'>occupatur</span> <span class='ocrx_word' id='word_1_307' title='bbox 1759 3209 1893 3268; x_wconf 85' lang='lat' dir='ltr'>fides</span> 
     </span>
     <span class='ocr_line' id='line_1_34' title="bbox 145 3311 1478 3376; baseline -0.001 -18"><span class='ocrx_word' id='word_1_308' title='bbox 145 3370 150 3376; x_wconf 30' lang='grc' dir='ltr'><strong><em>ι</em></strong></span> <span class='ocrx_word' id='word_1_309' title='bbox 225 3317 240 3344; x_wconf 87' lang='lat'><strong>¹</strong></span> <span class='ocrx_word' id='word_1_310' title='bbox 271 3314 421 3360; x_wconf 73' lang='lat' dir='ltr'>Matth.</span> <span class='ocrx_word' id='word_1_311' title='bbox 443 3328 481 3365; x_wconf 74' lang='grc' dir='ltr'>ν,</span> <span class='ocrx_word' id='word_1_312' title='bbox 508 3316 550 3358; x_wconf 82' lang='grc'>8,</span> <span class='ocrx_word' id='word_1_313' title='bbox 576 3312 670 3346; x_wconf 83' lang='lat'>-2</span> <span class='ocrx_word' id='word_1_314' title='bbox 697 3329 712 3355; x_wconf 87' lang='lat'>1</span> <span class='ocrx_word' id='word_1_315' title='bbox 739 3316 830 3357; x_wconf 82' lang='lat' dir='ltr'>Cor.</span> <span class='ocrx_word' id='word_1_316' title='bbox 853 3328 948 3366; x_wconf 85' lang='lat' dir='ltr'>xm,</span> <span class='ocrx_word' id='word_1_317' title='bbox 980 3317 1049 3358; x_wconf 82' lang='lat'>13.</span> <span class='ocrx_word' id='word_1_318' title='bbox 1077 3311 1169 3345; x_wconf 81' lang='lat'><strong>....3</strong></span> <span class='ocrx_word' id='word_1_319' title='bbox 1198 3328 1211 3353; x_wconf 84' lang='lat'>1</span> <span class='ocrx_word' id='word_1_320' title='bbox 1237 3314 1343 3358; x_wconf 82' lang='lat' dir='ltr'>Tim.</span> <span class='ocrx_word' id='word_1_321' title='bbox 1373 3328 1411 3370; x_wconf 71' lang='grc' dir='ltr'>ι,</span> <span class='ocrx_word' id='word_1_322' title='bbox 1436 3316 1478 3357; x_wconf 86' lang='grc'>5.</span> 
     </span>
    </p>
   </div>
  </div>
 </body>
</html>
