2144 3808
639 304 708 343 DE
751 300 1069 357 mmmm,
1118 302 1227 342 mn.
1278 302 1406 342 xm.
1755 278 1874 343 525

144 381 373 459 justitiae
403 398 531 442 sunt
570 384 794 443 inimica
822 395 1078 464 peccata,
1117 383 1319 462 quibus
1350 382 1581 441 remissis
1612 382 1738 441 tales
1760 383 1872 442 ini-

150 470 372 530 micitiae
400 473 669 530 finiuntur
687 518 702 544 ‚
733 484 788 529 et
814 469 1237 529 reconciliantur
1261 475 1410 547 Justo
1441 492 1576 550 quos
1608 470 1724 550 ipse
1748 475 1872 546 jus-

151 558 341 618 tificat.
386 559 537 630 Quos
566 573 746 618 tamen
778 560 940 617 etiam
964 558 1214 615 inimicos
1238 559 1428 638 utique
1451 558 1635 616 dilexit
1659 580 1673 615 :
1700 580 1873 638 quan-

150 646 446 726 doquidem
474 650 702 729 proprio
730 650 769 703 F
773 648 868 706 ilio
891 667 1002 704 non
1022 647 1301 726 pepercit,
1327 647 1418 704 sed
1444 668 1548 726 pro
1570 647 1730 704 nobis
1750 669 1869 704 om-

149 734 313 792 nibus
331 782 345 806 ‚
373 757 500 793 cum
531 737 715 794 adhuc
741 735 951 793 inimici
978 755 1240 804 essemuS‚
1272 734 1499 791 tradidit
1526 755 1668 794 eum.
1705 737 1873 793 Recte

150 843 276 897 ergo
312 823 609 902 Apostolus?
628 835 845 880 secutus
870 821 1157 897 adjunxit:
1192 848 1216 873 α
1242 822 1303 878 Si
1330 822 1474 879 enim
1504 842 1634 879 cum
1666 822 1875 881 inimici

151 936 177 964 ,υ
198 931 429 968 essemus
451 957 466 982 ,
521 909 856 969 reconciliati
901 931 1087 967 sumus
1145 909 1259 966 Deo
1314 931 1414 989 per
1462 923 1691 968 mortem
1751 912 1874 969 Filii

151 1023 178 1051 »
200 996 381 1073 ejus1‚
434 1020 533 1078 per
572 1020 741 1078 quam
787 997 934 1055 facta
971 1010 1048 1054 est
1087 997 1181 1055 illa
1210 999 1448 1055 remissio
1480 1013 1867 1077 peccatorum3

149 1111 178 1139 ω)
204 1086 380 1144 Multo
410 1090 581 1162 magis
614 1085 954 1144 reconciliati
982 1085 1116 1143 salvi
1153 1083 1362 1142 erimus
1384 1085 1441 1142 in
1475 1086 1586 1144 vita
1623 1087 1812 1167 ipsius,
1847 1117 1873 1143 ›>

153 1173 219 1229 In
259 1173 368 1231 vita
409 1173 570 1244 salvi,
613 1173 712 1253 qui
751 1194 850 1252 per
883 1186 1118 1249 mortem
1160 1172 1512 1232 reconciliati.
1565 1175 1702 1246 Quis
1728 1177 1873 1234 enim

151 1260 369 1318 dubitet
397 1261 654 1319 daturum
677 1261 864 1318 amicis
887 1261 1056 1318 vitam
1082 1282 1231 1318 suam
1249 1307 1263 1331 ‚
1292 1281 1395 1340 pro
1417 1262 1621 1341 quibus
1639 1263 1875 1323 inimicis

151 1347 304 1406 dedit
330 1362 560 1406 mortem
597 1352 788 1406 suam?
818 1374 843 1400 «
868 1349 992 1406 Non
1016 1347 1192 1405 solum
1216 1362 1394 1406 autem
1412 1395 1425 1418 ,
1455 1350 1665 1430 inquit,
1700 1352 1793 1409 sed
1821 1366 1874 1410 et

153 1464 180 1490 ›>
201 1437 500 1512 gloriamur
521 1437 579 1494 in
608 1438 724 1494 Deo
747 1458 847 1517 per
875 1437 1173 1495 Dominum
1204 1450 1450 1496 nostrum
1475 1439 1659 1497 Jesum
1684 1441 1872 1500 Chris-

153 1552 181 1579 »
204 1539 346 1598 tum,
363 1520 641 1607 perquem
666 1547 812 1584 nunc
832 1525 1331 1584 reconciliationem
1359 1527 1727 1607 accepimus»
1751 1531 1876 1587 Non

154 1613 327 1672 solum
351 1661 365 1685 ‚
422 1615 529 1684 ait,
569 1614 704 1672 salvi
731 1615 932 1672 erimus
954 1660 969 1683 ,
1026 1641 1053 1668 (ε
1081 1614 1187 1671 Sed
1231 1628 1285 1672 et
1323 1614 1660 1690 gloriamur:
1695 1644 1721 1670 ›>
1775 1640 1878 1676 nec

153 1702 211 1760 in
234 1703 420 1774 nobiS,
450 1702 541 1760 sed
569 1729 594 1755 α
620 1704 682 1759 ln
709 1705 825 1760 Deo
856 1725 869 1759 :
897 1731 921 1755 »
951 1724 1051 1760 nec
1086 1724 1187 1782 per
1217 1724 1343 1773 nOS‚
1373 1702 1464 1760 sed
1500 1704 1653 1761 «Per
1677 1705 1874 1763 Domi—

156 1816 183 1842 »
206 1811 340 1848 num
370 1803 614 1848 nostrum
634 1795 815 1848 Jcsum
841 1790 1124 1847 Christum
1150 1838 1162 1860 ‚
1199 1812 1298 1870 per
1321 1812 1482 1871 quem
1509 1813 1656 1860 nunc
1679 1815 1878 1851 recon-

156 1878 536 1936 »ciliationem
564 1879 875 1958 accepimus
897 1925 911 1947 ,
949 1906 974 1931 >2
1021 1878 1321 1936 secundum
1358 1900 1420 1936 ea
1461 1901 1586 1959 quae
1632 1883 1879 1961 superius

157 1965 434 2046 disputata
466 1979 609 2024 sunt.
655 1965 866 2024 Deinde
895 1965 1183 2042 subjungit
1223 1965 1514 2045 Apostolus
1545 1989 1559 2024 z
1597 1970 1881 2049 «Propter

159 2081 187 2107 »
210 2052 320 2111 hoc
347 2053 488 2111 sicut
516 2074 615 2133 per
634 2074 809 2110 unum
836 2053 1117 2110 hominem
1138 2067 1430 2132 peccatum
1453 2054 1511 2111 in
1529 2056 1682 2113 hunc
1711 2079 1880 2115 mun-

159 2168 186 2195 »
208 2140 342 2200 dum
378 2141 635 2208 intravit,
663 2154 716 2198 et
752 2162 851 2220 per
886 2153 1175 2219 peccatum
1207 2161 1379 2211 mom,
1424 2155 1477 2198 et
1507 2142 1580 2199 ita
1609 2145 1667 2200 in
1696 2165 1881 2203 omncs

159 2228 456 2286 »homines
477 2249 621 2285 mors
642 2227 984 2307 pertransiit,
1009 2227 1066 2284 iu
1086 2248 1196 2307 quo
1219 2249 1402 2284 omnes
1424 2244 1793 2308 peccaverunt
1818 2253 1833 2289 ε
1856 2258 1883 2286 »

83 2387 96 2397 χ
160 2331 213 2376 et
243 2330 439 2375 caetera
457 2362 472 2386 ‚
500 2317 559 2374 in
587 2317 789 2396 quibus
810 2314 1069 2396 prolixius
1093 2315 1160 2372 de
1185 2315 1404 2373 duobus
1434 2317 1755 2377 hominibus
1777 2320 1883 2399 dis-

159 2419 349 2487 putat,
382 2425 492 2463 uno
516 2405 816 2484 eodemque
847 2404 1024 2483 primo
1057 2403 1230 2461 Adam
1250 2450 1264 2475 ‚
1298 2426 1396 2483 per
1419 2410 1575 2481 cujus
1592 2421 1882 2486 peccatum

161 2508 215 2552 et
250 2507 479 2551 mortem
511 2505 772 2572 tanquam
800 2491 1162 2550 haereditariis
1191 2491 1343 2548 malis
1372 2494 1572 2572 posteri
1599 2501 1710 2570 eJus
1734 2497 1884 2554 obli-

163 2583 272 2660 gati
302 2603 520 2648 sumus;
545 2581 713 2639 altero
742 2594 922 2638 autem
952 2579 1192 2638 secundo
1218 2579 1389 2637 Adam
1411 2627 1425 2651 ‚
1458 2582 1688 2661 quinon
1715 2583 1883 2642 homo

162 2684 376 2730 tantum
395 2717 409 2738 ‚
434 2670 525 2728 sed
548 2670 708 2728 etiam
733 2670 879 2727 Deus
901 2682 978 2726 est
994 2715 1008 2740 ,
1038 2690 1147 2748 quo
1166 2691 1271 2748 pro
1292 2669 1450 2726 nobis
1474 2670 1712 2729 solvente
1735 2673 1884 2751 quod

164 2780 277 2824 non
305 2758 569 2828 dcbebat‚
591 2781 620 2816 a
642 2757 840 2815 debitis
864 2770 925 2844 pt
951 2757 1191 2837 paternis
1218 2770 1270 2815 et
1298 2757 1536 2836 propriis
1560 2757 1776 2816 liberati
1796 2781 1887 2818 su-

165 2869 304 2907 muS.
324 2846 562 2904 Proinde
576 2846 841 2926 quoniam
860 2858 1087 2925 propter
1103 2866 1274 2903 unum
1291 2845 1445 2902 illum
1469 2846 1687 2904 tenebat
1702 2846 1891 2905 diabo-

167 2936 251 2994 lus
271 2956 456 2994 omnes
478 2955 578 3014 per
593 2938 641 3009 ej
652 2955 712 2992 us
729 2934 974 2991 vitiatam
992 2932 1263 2991 carnalem
1291 2933 1791 3012 concupiscentiam
1806 2956 1894 3011 ge-

168 3037 402 3094 nereum,
415 3027 625 3099 justum
650 3037 728 3080 est
751 3036 811 3082 ut
830 3035 1060 3103 propter
1082 3021 1234 3081 huuc
1254 3043 1428 3081 uuum
1445 3021 1688 3081 dimittat
1707 3044 1894 3082 omnes

171 3135 268 3195 per
297 3112 467 3194 ipsius
508 3110 913 3170 immaculatam
946 3111 1172 3187 gratiam
1202 3110 1502 3190 spiritalem
1533 3124 1885 3188 regeneratos,

234 3218 390 3261 ¹Rom.
414 3231 452 3266 v,
479 3227 543 3256 ιο.
1100 3231 1123 3251 1·
