2144 3808
614 304 687 347 nn
730 304 1055 356 smmi-Ara,
1094 304 1215 350 amn.
1267 305 1345 345 ιν.
1736 303 1850 368 297

126 384 388 466 simplum
402 389 448 463 ej
456 406 517 444 us
531 387 786 462 congruit
800 385 976 467 duplo
991 397 1197 444 nostro,
1227 382 1281 440 H
1286 403 1366 454 aec
1384 384 1532 450 enim
1551 398 1863 462 congrueth·

127 474 224 543 tia,
266 474 376 532 sive
408 474 784 533 convenientia
832 474 921 532 vel
963 470 1331 542 concinentia,
1364 471 1450 531 vel
1479 472 1854 543 consonantia,

126 560 211 618 vel
240 560 435 641 siquid
462 561 804 620 commodius
835 561 1060 632 dicitur,
1087 558 1239 639 quod
1267 580 1435 618 unum
1452 573 1531 618 est
1547 559 1612 617 ad
1638 559 1772 630 duo,
1800 560 1859 616 in

127 649 275 721 omni
310 651 808 730 compaginatione,
842 651 928 710 vel
957 652 1001 710 si
1032 649 1226 708 melius
1257 647 1484 719 dicitur,
1514 649 1861 729 coaptatione

126 749 414 809 creaturae,
439 739 581 798 valet
599 740 925 820 plurimum.
957 739 1118 796 Hanc
1142 737 1288 796 enim
1335 738 1765 817 coaptationem,
1792 734 1862 793 si-

127 838 221 882 cut
246 825 386 883 mihi
422 848 571 886 nunc
612 827 875 897 occurrit,
902 827 1081 886 dicere
1108 824 1260 885 volui
1284 871 1299 897 ,
1332 845 1500 905 quam
1535 823 1720 882 Graeci
1755 825 1859 909 ἁρ-

127 920 323 991 μονίαν
358 928 576 975 vocant.
628 916 817 995 Neque
865 937 1015 973 nunc
1062 914 1282 972 locutus
1325 925 1438 983 est,
1478 926 1542 970 ut
1581 910 1864 970 ostendam

124 1013 393 1080 quantum
433 1002 610 1062 valeat
656 1003 1010 1062 consonantia
1057 1000 1243 1082 simpli
1295 999 1367 1058 ad
1418 999 1680 1080 duplum,
1739 1018 1865 1078 quae

125 1088 359 1147 maxima
387 1089 447 1147 in
466 1091 628 1149 nobis
649 1091 941 1171 reperitur,
980 1102 1035 1148 et
1056 1089 1133 1147 sic
1173 1087 1334 1146 nobis
1383 1088 1547 1146 insita
1590 1085 1864 1145 naturali-

116 1188 198 1232 ter
230 1197 244 1233 :
274 1176 336 1255 (a
377 1198 489 1258 quo
518 1179 738 1259 utique,
772 1178 879 1236 nisi
925 1177 997 1235 ab
1022 1198 1084 1234 eo
1113 1177 1212 1257 qui
1240 1197 1340 1234 nos
1365 1176 1653 1254 creavit?)
1677 1187 1740 1233 ut
1764 1194 1867 1232 nec

115 1262 356 1342 imperiti
379 1267 592 1344 possint
621 1288 743 1324 eam
767 1287 881 1323 non
900 1265 1119 1336 sentire,
1147 1264 1261 1324 sive
1291 1264 1399 1344 ipsi
1429 1276 1730 1334 cantanteS,
1753 1261 1865 1321 sive

119 1350 250 1409 alios
279 1351 602 1412 audientes.
587 1376 723 1434 ·per
748 1354 897 1412 hanc
925 1354 1138 1433 quippe
1160 1373 1320 1412 voces
1351 1353 1619 1410 acutiores
1641 1349 1864 1427 gravio-

116 1462 319 1540 resque
330 1445 667 1503 concordant
694 1445 771 1502 ita
817 1457 880 1502 ut
919 1443 1169 1525 quisquis
1191 1443 1264 1501 ab
1289 1464 1350 1501 ea
1374 1442 1725 1514 dissonuerit,
1749 1462 1863 1498 non

120 1530 423 1605 scientiam,
445 1538 533 1610 cuj
543 1555 604 1591 us
626 1546 864 1613 expertes
889 1545 1015 1589 sunt
1035 1531 1287 1611 plurimi,
1316 1531 1449 1589 sed
1435 1552 1619 1612 ipsum
1647 1549 1862 1588 sensum

121 1617 341 1676 auditus
383 1621 555 1679 nostri
579 1621 930 1679 vehementer
957 1619 1220 1677 offendat
1258 1618 1367 1677 Sed
1393 1619 1507 1678 hoc
1530 1633 1591 1678 ut
1624 1618 1860 1676 demon-

121 1719 342 1778 stretur,
361 1707 523 1786 longo
547 1727 793 1768 sermone
815 1729 955 1789 opus
983 1721 1063 1766 est
1082 1707 1249 1788 :Jipsis
1266 1719 1447 1765 autem
1477 1708 1695 1766 auriaus
1717 1704 1866 1764 exhi-

122 1794 241 1852 beri
255 1809 435 1877 potest
459 1797 530 1856 ab
560 1819 624 1854 eo
654 1795 751 1876 qui
777 1796 932 1854 novit
957 1795 1017 1853 in
1037 1794 1272 1870 regulari
1292 1794 1693 1854 monochordo,

205 1882 270 1941 V.
323 1883 527 1943 Verum
565 1883 719 1967 quod
751 1884 918 1942 instat
951 1883 1011 1941 in
1037 1883 1365 1963 praesentia,
1400 1896 1674 1963 quantum
1701 1881 1870 1940 donat

124 1971 293 2043 DeuS,
318 1971 722 2031 edisserendum
741 1984 820 2029 est
834 1969 1343 2051 ,quemadmodum
1359 1970 1623 2051 simplum
1642 1969 1868 2029 Domini

124 2072 177 2116 et
202 2018 496 2120 Salvatoris
523 2061 697 2120 nostri
719 2018 850 2118 Jesti
879 2059 1091 2117 Christi
1120 2058 1301 2139 duplo
1334 2072 1530 2118 nostro
1562 2071 1867 2137 congruat,

126 2158 179 2204 et
203 2147 446 2228 quodam
474 2149 641 2208 modo
678 2146 1043 2215 concinatod
1071 2146 1327 2206 salutem
1371 2148 1485 2206 Nos
1507 2160 1685 2220 certe,
1716 2144 1872 2227 quod

126 2256 287 2295 nemo
318 2237 669 2297 Christianus
709 2237 983 2313 ambigit,
1025 2248 1077 2293 et
1117 2235 1300 2294 anima
1328 2248 1383 2294 et
1410 2256 1640 2318 corpore
1664 2194 1873 2295 inortui

127 2346 313 2385 sumus
338 2372 354 2397 ‚
385 2328 567 2385 anima
600 2339 832 2407 propter
858 2336 1151 2406 peccatum
1169 2371 1185 2396 ,
1221 2345 1455 2406 corpore
1478 2339 1714 2407 propter
1735 2346 1871 2406 poe-

127 2435 259 2472 nam
284 2416 501 2496 peccati
521 2462 537 2489 ,
574 2438 636 2474 ac
657 2437 757 2497 per
789 2414 901 2473 hoc
929 2428 984 2473 et
1023 2435 1256 2499 corpore
1288 2428 1522 2496 propter
1548 2428 1860 2497 peccatum.
1897 2406 1902 2411 i

129 2502 360 2584 Utrique
387 2516 568 2563 autem
596 2504 675 2562 rei
697 2515 929 2575 nostrae,
969 2501 1030 2560 id
1068 2514 1178 2574 est,
1217 2516 1271 2561 et
1295 2503 1496 2562 animae
1519 2516 1573 2562 et
1601 2501 1825 2583 corpori
1847 2547 1865 2574 ,

130 2590 402 2650 medicina
422 2606 475 2651 et
497 2591 889 2652 resurrectione
907 2612 1047 2672 opus
1069 2602 1215 2662 erat,
1244 2603 1308 2649 ut
1332 2591 1393 2650 in
1408 2588 1607 2650 melius
1635 2611 1871 2651 renova-

131 2693 282 2738 retur
310 2681 464 2762 quod
503 2695 617 2754 erat
653 2682 712 2740 in
749 2680 987 2740 deterius
1031 2691 1453 2740 commutatum.
1503 2680 1654 2738 Mors
1688 2692 1871 2738 autem

134 2768 332 2827 animae
355 2770 609 2852 impietas
631 2783 742 2842 est,
768 2783 824 2828 et
842 2791 989 2828 mors
1018 2769 1265 2848 corporis
1293 2762 1751 2848 corruptibilitaS‚
1770 2787 1871 2849 per

124 2878 303 2939 quam
327 2858 392 2916 fit
423 2872 476 2917 et
499 2859 695 2919 animae
713 2882 743 2918 a
760 2880 991 2940 corpore
1015 2859 1308 2918 abscessus,
1343 2856 1499 2916 Sicut
1526 2856 1668 2941 enirn
1690 2856 1874 2914 anima

135 2949 256 3005 Deo
280 2945 583 3020 deserente,
611 2947 688 3007 sic
707 2969 911 3029 corpus
935 2947 1116 3008 anima
1137 2946 1411 3006 deserente
1427 2945 1697 3006 moritur:
1725 2942 1872 3004 unde

137 3033 232 3093 illa
258 3035 362 3092 fit
346 3038 641 3118 1nsipienS‚
667 3037 778 3096 hoc
807 3037 1068 3097 exanime.
1106 3036 1485 3095 Resuscitatur
1518 3034 1665 3094 enim
1694 3033 1875 3092 anima

140 3143 240 3205 per
264 3125 681 3205 poenitentiam,
708 3138 761 3185 et
782 3125 840 3186 in
870 3147 1104 3210 corpore
1128 3124 1318 3187 adhuc
1346 3123 1564 3185 mortali
1592 3121 1871 3183 renovatio

143 3210 272 3273 vitae
299 3213 597 3278 inchoatur
624 3238 654 3275 a
682 3213 822 3289 fide,
852 3235 968 3296 qua
996 3214 1284 3280 creditur
1267 3237 1327 3280 m
1353 3234 1479 3279 eum
1497 3209 1877 3295 quijustificat
