2144 3808
287 287 410 359 414
819 304 864 343 ι.
917 303 1224 345 Aoousnm
1269 303 1525 343 EPiscom

287 390 548 470 cupimus
576 386 759 448 videre
780 402 966 448 utrum
1000 390 1094 449 illa
1128 388 1567 466 excellentissima
1609 386 1850 448 charitas
1879 409 2018 470 pro-

284 479 405 561 prie
435 476 674 559 S'pinitus
697 490 915 538 sanctus
938 479 1039 537 sit:
1072 477 1221 560 quod
1249 477 1291 536 si
1320 496 1432 536 non
1462 473 1572 550 est,
1625 489 1718 536 aut
1756 480 1915 536 Pater
1940 490 2020 550 est

283 568 544 653 charitas,
581 582 674 628 aut
697 568 866 626 Filius
885 616 899 639 ‚
929 583 1024 628 aut
1049 569 1164 650 ipsa
1196 569 1241 623 Τ
1248 568 1463 635 rinitas;
1491 568 1752 650 quoniam
1778 568 2020 641 resistere

284 679 394 716 non
423 679 716 739 possumus
745 658 1057 717 certissimae
1084 656 1233 727 fidei,
1260 670 1312 715 ct
1330 657 1678 716 validissimae
1705 657 2021 730 auctoritati

285 742 845 828 Scripturae'dicentis
874 769 889 806 ι
925 774 950 802 κ
984 753 1128 806 Deus
1171 746 1410 805 charitas
1454 761 1531 805 cst
1559 745 1613 804 1:
1646 774 1669 799 ›>
1697 768 1808 805 non
1838 760 2020 806 tamen
2091 772 2096 775 ·

283 835 547 897 debemus
575 835 793 896 deviare
823 837 1085 914 sacrilego
1110 858 1310 908 errore,
1345 851 1407 895 ut
1429 836 1638 918 aliquid
1659 836 1728 896 dc
1753 837 1797 893 T
1803 836 2022 896 riuitate

283 925 532 986 dicamus
563 925 715 1008 quod
747 948 860 985 non
891 927 1171 996 Creatori,
1201 925 1291 984 sed
1315 939 1580 985 creaturae
1603 926 1790 1008 potius
1812 947 2015 987 conve-

283 1016 430 1086 niat,
460 1030 554 1074 aut
578 1016 730 1074 inani
754 1015 1086 1091 cogitatione
1111 1016 1369 1090 fingatur.

346 1107 441 1164 ll.
485 1105 628 1175 Quae
648 1119 776 1167 cum
808 1104 881 1162 ita
906 1104 1032 1170 sint
1065 1103 1408 1162 attendamus
1435 1105 1533 1162 ista
1560 1105 1687 1174 tria,
1711 1125 1838 1188 quae
1858 1107 2018 1166 inve-

280 1195 419 1253 nisse
431 1192 592 1251 nobis
616 1191 886 1253 videmur.
922 1192 1175 1252 &ondam
1198 1193 1266 1251 de
1291 1194 1540 1274 supernis
1557 1192 1857 1276 loquimur,
1883 1207 2020 1254 non-

281 1283 413 1342 dum
444 1281 514 1340 de
542 1283 654 1340 Dco
686 1283 849 1341 Patro
873 1294 925 1340 ct
959 1282 1094 1340 lilio
1121 1294 1172 1340 et
1205 1283 1417 1362 Spiritu
1447 1296 1683 1351 sancto;
1706 1282 1798 1343 scd
1821 1282 1890 1342 de
1913 1282 2019 1343 hac

280 1372 482 1453 impari
511 1371 767 1448 imagine,
795 1385 1033 1434 attamen
1067 1372 1322 1448 imagine,
1351 1371 1406 1430 id
1432 1385 1531 1443 est,
1559 1368 1818 1433 homino:
1851 1373 2020 1432 fami-

274 1459 466 1520 liarius
493 1460 637 1519 enim
660 1482 780 1518 eam
814 1474 868 1518 ct
896 1460 1110 1519 facilius
1144 1460 1382 1519 fortassis
1402 1462 1650 1521 intuetur
1674 1463 1868 1522 montis
1899 1484 2019 1521 nos-

278 1563 379 1609 trae
417 1542 722 1609 infirmitas,
778 1551 920 1609 Ecce
947 1571 1046 1626 cgo
1091 1550 1187 1630 qui
1217 1550 1326 1609 hoc
1370 1548 1560 1632 quaero
1589 1599 1603 1623 ‚
1649 1574 1774 1610 cum
1808 1551 2019 1634 aliquid

282 1661 407 1698 amo
436 1640 540 1699 tria
583 1653 740 1709 sunt,
778 1661 911 1716 ego,
953 1653 1007 1697 ct
1046 1640 1198 1721 quod
1240 1662 1392 1713 anm,
1430 1655 1483 1700 et
1524 1642 1640 1722 ipse
1679 1663 1847 1702 amor.
1895 1640 2019 1701 Non

280 1745 425 1788 enim
453 1750 576 1787 amo
608 1750 844 1788 amorem
869 1776 883 1799 ,
937 1751 1035 1787 ms1
1068 1744 1343 1788 nutantem
1389 1753 1562 1789 amem
1596 1754 1610 1789 t
1648 1753 1774 1790 nam
1805 1753 1917 1789 non
1942 1745 2019 1790 cst

279 1840 452 1885 amor,
488 1817 587 1876 ubi
615 1817 758 1876 nihil
788 1831 1019 1878 amatur.
1047 1818 1173 1876 Tria
1199 1841 1326 1895 crgo
1355 1834 1502 1892 sunt,
1539 1842 1747 1890 amam,
1783 1834 1836 1878 ct
1864 1819 2018 1902 quod

277 1921 512 1975 amatur,
538 1920 590 1964 et
611 1927 782 1966 amor.
807 1907 959 1978 Quid
984 1907 1155 1964 sinon
1173 1930 1347 1965 amem
1369 1910 1468 1967 nisi
1497 1910 1806 1990 meipsum,
1836 1931 2018 1968 nonne

276 1996 388 2055 duo
417 2006 608 2063 crunt,
641 1995 792 2077 quod
841 2017 997 2067 amo,
1031 2010 1084 2054 ct
1111 2000 1300 2055 amor?
1353 2000 1552 2056 Amans
1595 1999 1735 2056 cuim
1769 2012 1821 2057 et
1863 1999 2016 2079 quod

277 2097 515 2153 amatur,
550 2085 660 2142 hoc
689 2083 833 2141 idem
855 2097 956 2154 est,
989 2089 1212 2165 quando
1235 2087 1427 2167 seipse
1458 2100 1638 2145 amat:
1665 2088 1806 2146 sicut
1834 2088 2016 2148 auitam

275 2189 329 2235 et
356 2174 551 2242 anlavi,
571 2173 758 2232 eodem
789 2174 950 2232 modo
969 2174 1209 2254 idipsum
1236 2189 1335 2246 est,
1356 2197 1480 2234 cum
1510 2198 1564 2235 sc
1586 2178 1816 2259 quisque
1842 2191 2006 2239 amat.

274 2265 478 2326 Eadem
504 2264 716 2345 quippe
746 2285 826 2322 res
854 2264 942 2322 bis
969 2264 1202 2336 dicitur,
1241 2287 1365 2324 cum
1397 2263 1635 2339 dicitur,
1671 2280 1818 2325 amat
1846 2289 1937 2343 sc,b
1961 2279 2015 2327 ot

267 2348 491 2415 'amatur
513 2377 540 2412 a
560 2375 630 2414 se.
670 2355 831 2412 'suno
860 2353 1126 2412 enimnon
1152 2354 1395 2414 cstaliud
1425 2371 1588 2439 atquc
1628 2356 1799 2426 aliud,
1834 2379 2013 2416 amare

273 2459 327 2504 ct
352 2443 553 2512 amari3
592 2443 735 2500 sicut
762 2463 872 2500 non
896 2455 974 2501 ost
1002 2442 1138 2501 alius
1165 2457 1328 2525 atque
1361 2445 1497 2503 alius
1516 2492 1530 2516 ,
1562 2467 1753 2503 amans
1773 2460 1827 2504 et
1858 2467 2015 2504 ama-
2042 2477 2044 2479 >

267 2549 378 2595 tus.
403 2536 489 2598 [At
519 2553 644 2590 vero
675 2553 851 2602 amor,
878 2547 931 2591 et
958 2533 1109 2615 quod
1143 2548 1356 2592 amatur
1375 2583 1388 2605 ‚
1422 2536 1582 2594 ctiam
1618 2535 1695 2593 sic
1719 2535 1833 2593 duo
1859 2549 2003 2596 sunt.

273 2625 399 2683 Non
426 2622 569 2680 enim
602 2643 727 2680 cum
758 2627 994 2703 qni-‘que
1017 2645 1070 2682 so
1098 2637 1241 2682 amat
1264 2646 1418 2683 amor
1445 2638 1545 2695 ost,
1571 2625 1671 2682 nisi
1703 2646 1830 2683 cum
1866 2647 2011 2684 ama-

270 2713 493 2793 turipse
519 2732 687 2798 antor.
723 2710 885 2769 Aliud
916 2725 1193 2771 cstautcm
1223 2735 1403 2772 amaro
1428 2736 1503 2786 se,
1539 2713 1686 2772 aliud
1718 2729 1795 2772 cst
1825 2736 2010 2774 amare

271 2823 508 2863 amorem
538 2816 718 2860 suum.
756 2802 881 2861 Non
908 2803 1050 2860 enim
1096 2816 1310 2861 amatur
1332 2825 1514 2875 amor,
1539 2805 1769 2882 nisijaui
1802 2803 2009 2887 aliquid

272 2913 493 2953 amans:
520 2890 650 2971 quia
670 2889 766 2947 ubi
797 2890 938 2953 nihil
958 2906 1192 2963 amatur,
1223 2892 1500 2951 nullusost
1525 2915 1697 2953 amor.
1733 2895 1857 2953 Duo
1882 2914 2009 2972 crgo

268 2993 418 3040 sunt.
452 3000 579 3042 cum
602 3000 656 3036 se
676 2978 910 3059 quisque
937 2995 1106 3052 amat,
1138 3003 1292 3040 amor
1319 2994 1372 3040 et
1404 2983 1549 3063 quod
1580 2996 1811 3042 amatur.
1847 2984 2006 3041 Tunc

265 3070 409 3131 enim
440 3088 624 3126 amans
643 3079 696 3124 et
721 3068 870 3148 quod
893 3082 1127 3140 amatur,
1160 3093 1329 3130 unum
1349 3085 1443 3132 cst.
1480 3072 1633 3131 Unde
1649 3073 1867 3132 videtur
1894 3087 2006 3131 non

266 3171 379 3221 esse
420 3167 775 3236 consequenti,
812 3166 874 3215 ut
899 3157 1237 3240 ubicumque
1267 3183 1423 3221 amor
1442 3161 1635 3236 fuerit,
1657 3167 1774 3239 jam
1797 3161 1902 3220 tria
1921 3160 2005 3221 in-

332 3264 347 3295 ί
374 3280 392 3306 1
412 3267 532 3307 Joan.
552 3276 611 3312 xv,
630 3263 702 3305 16.
