2144 3808
305 291 420 348 352
817 306 862 344 s.
914 302 1218 347 Auenstrnw
1260 305 1516 346 Emscorx
1553 306 1558 307 ⁷

300 519 767 537 mmmmmm
779 518 2029 536 §mmm-AAQOEWQMWQWSMWQRWQMAWW

992 669 1222 727 LIBER
1264 668 1360 729 VI.
1445 626 1455 634 ’

305 831 381 895 In
407 857 512 911 quo
533 837 818 911 proposita
843 837 1167 909 quaestione,
1194 835 1464 906 quomodo
1494 835 1672 888 dictus
1690 837 1761 889 sit
1788 836 2038 892 Christus

378 940 471 974 ore
496 921 841 991 Apostolico,
873 919 970 973 Dei
1003 919 1165 972 virtus
1191 929 1244 972 et
1273 918 1365 970 Dei
1398 919 1651 989 'sapientia
1671 959 1684 982 ,
1722 916 2039 992 dc‘sputatur

381 1014 572 1055 utrum
601 1001 769 1054 Pater
787 1020 902 1052 non
922 1002 993 1052 sit
1019 1001 1130 1070 ipse
1145 1000 1442 1070 sapientia,
1472 1001 1564 1052 sed
1589 1013 1810 1053 tantum
1821 1004 2039 1074 sapien-

380 1085 472 1135 tiae
498 1082 700 1140 Pater,
723 1100 800 1132 an
819 1081 1097 1151 sapientia
1117 1081 1454 1150 sapientiam
1480 1082 1768 1152 genuerit:
1791 1095 1840 1134 et
1861 1084 2040 1136 dilata

374 1164 659 1235 paulisper
695 1162 991 1223 solutione,
1022 1160 1293 1231 probatur
1327 1163 1516 1214 unitas
1543 1174 1594 1215 et
1619 1164 1910 1232 aequalitas
1937 1165 2042 1218 Pa-

382 1246 484 1299 tris
518 1259 568 1298 et
603 1244 750 1297 Filii
775 1264 839 1296 ae
868 1245 1112 1315 Spiritus
1145 1244 1329 1296 sancti
1357 1263 1374 1297 .·
1403 1256 1453 1296 et
1498 1263 1611 1296 non
1644 1245 1826 1298 Deam
1861 1246 2041 1319 tripli·-

381 1346 529 1385 eem,
567 1325 661 1378 sed
706 1325 1043 1377 Trinitatem
1082 1326 1235 1377 credi
1271 1337 1534 1395 oportere.
1578 1324 1731 1380 ltlact
1769 1339 2041 1399 postremo

383 1410 496 1461 loeo
532 1408 847 1477 explicatur
888 1406 1111 1460 Hilarii
1150 1405 1364 1458 dietam
1391 1427 1409 1459 .·
1443 1407 1728 1461 AEternitas
1771 1409 1824 1462 in
1853 1409 2036 1472 Patre,

379 1491 581 1563 species
613 1489 666 1541 in
694 1489 959 1561 Imagino,
990 1508 1116 1542 usus
1144 1488 1197 1542 in
1224 1488 1458 1544 Munere.

389 1690 433 1749 I.
482 1690 903 1758 AEQUALITATEM
940 1688 1122 1746 Patris
1151 1701 1204 1746 et
1228 1688 1352 1747 Filii
1383 1702 1432 1746 st
1465 1689 1703 1770 Spiritus
1724 1691 1902 1750 sancti
1926 1713 2042 1773 pu·-

308 1784 427 1837 tant
468 1776 724 1835 nonnulli
761 1798 823 1834 ex
852 1776 964 1834 hoc
1005 1776 1264 1858 impediri
1299 1799 1410 1858 quo
1443 1778 1623 1836 minus
1666 1779 2036 1856 intelligatur,

304 1867 435 1948 quia
457 1867 730 1945 scriptum
756 1878 837 1923 est
865 1887 879 1922 t
918 1891 944 1917 c<
970 1865 1257 1923 Christum
1287 1866 1389 1923 Dei
1423 1866 1684 1925 virtutem
1720 1881 1771 1925 et
1813 1868 1916 1926 Dei
1949 1889 2041 1926 sa-

305 1981 333 2008 »
354 1952 653 2036 pientiam1
683 1975 699 2010 z
729 1980 756 2006 >›
786 1965 848 2011 ut
876 1952 1000 2010 ideo
1018 1974 1128 2010 non
1157 1952 1409 2012 videatur
1428 1954 1711 2034 aequalitas
1729 2001 1744 2026 ,
1778 1956 1909 2035 quia
1929 1977 2041 2014 non

302 2055 382 2102 est
412 2043 573 2099 Pater
599 2041 715 2121 ipse
742 2041 919 2100 virtus
949 2053 1003 2098 et
1030 2040 1326 2121 sapientia,
1365 2041 1457 2098 sed
1497 2043 1708 2118 genitor
1743 2044 2043 2104 virtutiS.et

303 2129 606 2211 sapientiae.
637 2131 708 2186 Et
729 2149 918 2188 revera
937 2150 1049 2187 non
1070 2128 1336 2187 mediocri
1354 2130 1653 2214 intentione
1672 2132 1848 2213 quaeri
1882 2133 2036 2203 solet,
2067 2208 2069 2212 Α

259 2283 268 2293 ,
304 2217 585 2300 quomodo
624 2216 845 2276 dicatur
892 2219 1040 2275 Deus
1069 2217 1288 2277 virtutis
1316 2229 1371 2275 et
1414 2218 1694 2298 sapientiae
1733 2224 1910 2280 Pater.
1950 2214 2071 2279 Ait'

302 2308 446 2366 enim
484 2304 778 2386 Apostolus
806 2332 833 2358 ε(
855 2305 1142 2363 Christum
1175 2305 1277 2364 Dei
1309 2306 1568 2366 virtutem
1596 2319 1650 2366 et
1683 2307 1782 2366 Dei
1815 2309 2037 2389 sapien-

302 2423 330 2451 »
353 2397 508 2461 tiam.
538 2421 564 2447 »
589 2396 658 2452 Et
685 2394 819 2452 hinc
848 2394 1103 2452 nonnulli
1142 2395 1314 2453 nostri
1351 2394 1639 2454 adversum
1676 2397 1906 2456 Arianos
1925 2397 2036 2456 hoe

303 2483 470 2546 modo
493 2482 808 2541 ratiocinati
843 2497 970 2541 sunt
987 2529 1002 2555 2
1040 2504 1128 2540 eos
1153 2482 1415 2542 duntaxat
1443 2484 1537 2564 qui
1576 2484 1733 2564 prius
1756 2507 1808 2544 se
1839 2486 2036 2546 adver—

304 2596 424 2632 sum
449 2571 783 2631 catholicam
807 2572 972 2630 fidem
998 2571 1322 2632 extulerunt.
1355 2575 1498 2631 Nam
1517 2573 1635 2653 ipse
1661 2574 1822 2632 Arius
1846 2574 2037 2633 dixisse

303 2663 476 2722 fertur
503 2684 517 2719 ε
554 2662 612 2720 Si
641 2661 786 2718 filius
815 2673 924 2732 est,
953 2674 1112 2719 natus
1135 2675 1248 2729 est3
1287 2661 1330 2719 si
1359 2675 1518 2720 natus
1540 2675 1618 2719 est
1638 2708 1651 2732 ,
1682 2676 1796 2721 erat
1821 2677 2037 2746 tempus

304 2752 529 2833 quando
561 2771 673 2828 non
702 2763 816 2807 erat
843 2749 987 2809 silius
1015 2772 1029 2807 z
1067 2771 1179 2808 non
1202 2750 1506 2826 intelligens
1534 2751 1695 2808 etiam
1717 2767 1907 2812 natum
1927 2777 2037 2814 esse

306 2843 421 2898 Deo
461 2838 849 2919 sempiternum
892 2860 1034 2910 esse,
1078 2851 1139 2895 ut
1186 2838 1255 2896 sit
1299 2853 1601 2898 coaeternus
1644 2842 1794 2900 Patri
1836 2843 2030 2917 Filius,

303 2928 446 2986 sicut
485 2925 744 3007 splendor
776 2926 875 3006 qui
920 2926 1163 3003 gignitur
1201 2925 1272 2983 ab
1311 2925 1434 3002 igne
1472 2941 1632 3010 atque
1669 2929 2029 3004 diffunditur,

302 3036 521 3075 coaevus
547 3027 624 3097 est
647 3014 727 3073 illi
749 3060 763 3085 ,
784 3027 837 3072 et
856 3027 990 3072 esset
1014 3027 1317 3072 coaeternus
1339 3061 1353 3086 ‚
1384 3016 1427 3073 si
1452 3030 1585 3076 esset
1611 3018 1750 3095 ignis
1773 3034 2024 3081 internus,

299 3103 458 3163 Unde
487 3102 716 3183 qnidam
735 3103 1063 3183 posteriores
1081 3102 1266 3162 Ariani
1287 3102 1608 3181 abjecerunt
1637 3108 1793 3167 istam
1826 3123 2034 3169 senten·

362 3225 375 3255 ¹
410 3238 425 3265 ι
450 3224 545 3264 Co'r.
570 3236 611 3273 x,
638 3231 705 3270 24.
