2144 3808
337 258 453 317 268
847 275 892 314 s.
944 274 1251 317 Aueus'rim
1291 275 1551 321 EPIscom

324 356 591 439 sapientia
605 355 967 439 voluntasque
987 358 1176 439 ipsiuS.
1201 360 1308 418 Cui
1329 372 1584 418 cantatur
1598 358 1704 419 alio
1724 359 1847 419 loco
1869 382 1884 418 ε
1903 386 1931 415 <‹
1944 361 2067 420 Mu-

322 473 352 502 »
374 448 517 506 tabis
535 469 596 506 ea
619 460 672 505 et
696 449 1086 519 mutabuntur,
1117 461 1174 506 tu
1188 470 1314 507 vero
1344 449 1488 508 idem
1512 450 1628 530 ipse
1649 471 1703 508 es
1724 449 1768 510 4.
1791 476 1818 504 »
1850 449 2068 508 Consti-

320 549 539 594 tuamus
560 557 687 612 ergo
702 537 884 593 animo
908 535 1074 593 talem
1102 537 1426 617 sapientem,
1453 543 1614 615 cujus
1634 540 1814 598 anima
1833 539 2068 613 rationa-

317 625 383 684 lis
393 630 510 702 jam
532 626 600 683 sit
630 625 907 706 particeps
931 625 1408 684 incommutabilis
1427 640 1755 709 aeternaeque
1783 628 2028 689 veritatis
2048 673 2064 699 ,

317 735 486 795 quam
513 712 582 771 de
620 713 880 772 omuibus
916 714 1025 772 suis
1057 714 1372 773 actionibus
1404 715 1676 787 consulat,
1714 738 1815 775 nec
1858 714 2069 796 aliquid

319 802 545 861 omnino
567 801 757 873 faciat,
786 802 940 883 quod
959 825 1072 861 non
1092 804 1150 862 in
1174 826 1235 862 ea
1261 805 1576 881 cognoverit
1593 827 1704 864 esse
1727 804 2064 876 faciendum,

320 905 384 949 ut
405 892 455 949 ei
476 890 731 954 subditus
754 892 913 973 eique
931 892 1320 973 obtemperans
1352 907 1496 952 recte
1518 894 1700 954 faciat.
1739 895 1846 953 lste
1862 893 1906 952 si
1931 914 2070 950 con-

318 981 463 1040 sulta
494 1002 707 1038 summa
749 981 959 1038 ratione
1006 980 1210 1039 divinae
1239 984 1471 1058 justitiae
1501 1030 1516 1055 ,
1554 1005 1722 1064 quam
1751 984 1811 1041 in
1864 993 2069 1040 secreto

319 1069 534 1126 audiret
564 1089 694 1126 aure
710 1068 891 1126 cordis
910 1068 1016 1138 sui,
1054 1090 1226 1150 eaque
1239 1071 1346 1128 sibi
1372 1071 1626 1146 jubente,
1656 1071 1715 1129 in
1747 1071 1930 1152 aliquo
1952 1068 2070 1128 offi-

319 1157 406 1215 cio
438 1156 828 1215 misericordiae
849 1177 1053 1237 corpus
1071 1157 1265 1215 labore
1279 1157 1553 1235 fatigaret,
1575 1159 2070 1238 aegritudinemque

321 1245 708 1315 contraheret,
743 1245 1115 1326 consultisque
1141 1246 1371 1305 medicis
1401 1248 1472 1305 ab
1511 1247 1617 1306 alio
1647 1247 1919 1307 diceretur
1941 1267 2070 1305 cau-

316 1355 430 1392 sam
446 1333 750 1391 morbiesse
769 1333 1022 1413 corporis
1036 1334 1362 1406 siccitatem,
1390 1335 1462 1393 ab
1486 1336 1592 1394 alio
1615 1349 1796 1394 autem
1823 1334 2071 1394 humoris

315 1421 828 1480 immoderationem
848 1444 862 1480 :
883 1443 1025 1480 unus
1045 1443 1236 1480 eorum
1251 1445 1434 1482 veram
1451 1446 1675 1483 causam
1689 1424 1916 1494 diceret,
1939 1422 2070 1480 alter

303 1523 544 1582 erraret,
568 1524 796 1592 uterque
827 1524 1009 1569 tamen
1037 1511 1104 1570 de
1124 1513 1385 1592 proximis
1414 1514 1614 1585 causiS,
1650 1513 1707 1572 id
1732 1526 1837 1585 est,
1864 1533 2070 1593 corpo-

318 1600 550 1671 ralibUS,
583 1601 986 1681 pronuntiaret.
1030 1603 1101 1660 At
1124 1602 1168 1659 si
1201 1602 1349 1660 illius
1373 1603 1634 1662 siccitatis
1656 1625 1819 1662 causa
1848 1623 2070 1683 quaere-

314 1703 489 1761 retur,
514 1703 567 1747 et
591 1691 928 1761 inveniretur
953 1690 1299 1749 voluntarius
1330 1691 1522 1761 labor3
1551 1698 1670 1769 jam
1693 1706 1916 1751 ventum
1936 1703 2072 1748 esset

316 1777 388 1835 ad
437 1779 775 1858 superiorem
831 1800 1075 1850 causam,
1126 1801 1252 1859 quae
1282 1780 1354 1837 ab
1387 1781 1569 1839 anima
1621 1780 2071 1861 proficisceretur

316 1865 388 1930 ad
417 1865 770 1925 afficiendum
811 1888 1014 1946 corpus
1054 1867 1206 1946 quod
1236 1868 1395 1944 regit,
1430 1868 1524 1926 sed
1577 1890 1682 1927 nec
1717 1869 1835 1948 ipsa
1878 1867 2063 1948 prima

314 1967 479 2023 esset;
507 1956 603 2013 illa
629 1956 775 2014 enim
792 1955 990 2036 procul
1014 1955 1190 2013 dubio
1209 1959 1458 2036 superior
1474 1971 1589 2015 erat
1611 1957 1669 2015 in
1693 1957 1814 2037 ipsa
1841 1956 2065 2014 incom-

315 2044 575 2102 mutabili
605 2044 914 2125 Sapientia,
947 2045 1037 2103 cui
1061 2045 1304 2102 hominis
1335 2045 1596 2126 sapientis
1626 2046 1807 2104 anima
1829 2045 1887 2102 in
1928 2043 2070 2102 cha-

315 2132 476 2190 ritate
499 2133 736 2191 serviens
755 2179 770 2205 ,
805 2146 859 2191 et
881 2133 1231 2191 ineffabiliter
1248 2134 1471 2210 jubenti
1501 2133 1782 2204 obedienS,
1810 2131 2069 2192 volunta-

313 2221 460 2280 rium
480 2220 726 2280 laborem
752 2235 1063 2302 susceperat
1087 2223 1196 2280 :ita
1228 2244 1339 2280 non
1361 2223 1466 2281 nisi
1490 2223 1590 2281 Dei
1611 2222 1866 2282 voluntas
1895 2241 2067 2280 causa

313 2311 494 2392 prima
524 2309 672 2370 illius
701 2311 1044 2387 aegritudinis
1066 2312 1406 2370 veracissime
1430 2311 1778 2392 reperiretur.
1811 2311 1844 2368 J
1851 2329 2068 2368 amvero

314 2400 360 2458 si
379 2400 438 2458 in
454 2398 650 2470 labore
682 2399 923 2459 officioso
942 2413 994 2458 et
1024 2401 1118 2482 pio
1147 2400 1488 2459 adhibuisset
1517 2400 1608 2459 ille
1638 2400 1853 2481 sapiens
1876 2397 2065 2456 minis-

312 2500 429 2546 tros
456 2484 854 2547 collaborantes
874 2510 1057 2547 secum
1075 2489 1139 2549 in
1167 2510 1331 2570 opere
1355 2489 1524 2556 bon0‚
1546 2509 1647 2547 nec
1669 2501 1856 2545 tamen
1870 2484 2068 2552 ‚eadem

310 2576 594 2637 voluntate
626 2581 746 2636 Deo
772 2578 1086 2649 servienteS,
1126 2578 1219 2637 sed
1249 2578 1322 2637 ad
1346 2577 1651 2637 carnalium
1687 2574 2066 2656 cupiditatum

308 2687 534 2725 suarum
562 2666 872 2725 mercedem
910 2670 1199 2748 pervenire
1240 2667 1522 2748 cupientes
1543 2712 1558 2736 ,
1591 2663 1678 2724 vel
1705 2661 2066 2723 incommoda

310 2755 552 2815 carnalia
583 2755 919 2837 devitantes3
972 2758 1317 2816 adhibuisset
1355 2755 1519 2814 etiarn
1557 2759 1849 2831 jumenta,
1883 2753 1928 2811 si
1954 2753 2066 2811 hoc

309 2844 539 2919 exigeret
559 2843 706 2903 illius
734 2846 914 2927 operis
941 2844 1210 2926 implendi
1233 2843 1573 2924 procurati0‚
1609 2864 1737 2924 quae
1758 2841 1948 2923 utique
1966 2845 2076 2916 ju-¹

309 2947 494 2991 menta
522 2934 860 2994 irrationalia
903 2949 1076 2994 essent
1117 2933 1447 3005 animantia,
1487 2954 1587 2991 nec
1618 2932 1741 2991 ideo
1781 2941 2065 2990 moverent

316 3022 566 3079 membra
591 3022 696 3080 sub
725 3023 952 3081 sarcinis
972 3069 985 3093 ,
1033 3021 1185 3104 quod
1239 3021 1449 3103 aliquid
1498 3021 1566 3079 de
1587 3020 1684 3079 illo
1716 3020 1867 3078 bono
1897 3036 2064 3098 opere

314 3111 638 3188 cogitarent,
669 3109 763 3170 sed
780 3111 1107 3192 naturali-ap
1114 3111 1291 3192 petitu
1312 3132 1426 3170 suae
1447 3109 1748 3191 voluptatis
1769 3120 1823 3166 et
1851 3104 2061 3166 devita-

383 3216 398 3246 ¹
423 3216 535 3261 Psal.
559 3230 613 3266 ci,
636 3229 708 3268 27·
