2144 3808
366 336 584 414 CONTRA
626 370 959 411 MAXIMINUM
1004 369 1283 424 ARIANUM,
1330 376 1440 416 [ΑΒ.
1491 378 1530 416 1.
1747 378 1818 441 77

106 459 347 539 tiamque
370 454 646 525 cernebat,
667 474 888 533 prorsus
903 453 1044 511 nihil
1068 475 1227 513 ausus
1252 476 1304 514 es
1322 456 1536 520 dicere:
1559 478 1611 524 et
1633 471 1819 535 adhuc

109 546 374 605 affirmare
397 564 507 601 non
529 541 813 613 destitisti,
849 542 951 600 Dei
980 542 1181 601 Filium
1211 544 1565 609 invisibilium
1609 575 1824 620 creato-

107 656 256 702 rem;
287 646 340 691 et
370 644 659 711 antequam
691 629 925 688 formam
949 631 1085 689 servi
1115 632 1424 713 acciperet,
1452 638 1510 696 in
1529 641 1703 704 forma
1725 650 1826 710 Dei

106 722 264 781 fuisse
286 719 585 786 visibilem3
619 739 780 798 quem
800 718 1048 798 superius
1075 719 1134 777 iu
1158 719 1333 779 forma
1353 725 1491 783 servi
1521 729 1690 791 videri
1716 759 1824 816 po-

108 813 291 882 tuisse,
315 810 372 867 in
399 808 698 867 substantia
722 827 849 866 vero
873 829 984 866 suae
1007 807 1306 868 divinitatis
1330 833 1436 870 esse
1463 814 1819 900 invisibilem,

100 904 215 975 jam
245 897 423 956 fueras
444 909 497 954 et
524 897 639 976 ipse
668 895 957 955 confessus·
1823 913 1826 915 “

195 988 344 1048 XVI.
385 987 539 1045 Sexto
560 985 771 1044 decimo
796 985 919 1044 loco
935 1033 948 1057 ‚
974 986 1104 1067 quia
1131 987 1199 1046 de
1223 994 1380 1050 Patre
1404 1007 1617 1058 tanturn
1639 1000 1829 1066 dixisse

111 1075 432 1160 Apostolum
480 1075 685 1134 dixeras
712 1096 725 1131 ε
764 1100 789 1127 ει
818 1074 933 1132 Soli
965 1076 1196 1155 sapienti
1241 1080 1389 1138 De01
1417 1105 1430 1140 ε
1457 1110 1483 1137 »
1530 1108 1626 1164 ego
1670 1091 1779 1152 dixi
1809 1118 1823 1152 ς

108 1169 252 1242 Ergo
274 1165 415 1223 solus
437 1165 602 1222 Pater
625 1176 702 1220 est
723 1164 868 1237 Deus
892 1165 1105 1243 sapiens
1123 1210 1138 1236 ,
1168 1179 1222 1224 et
1242 1190 1352 1227 non
1377 1185 1455 1229 est
1476 1177 1687 1255 sapiens
1709 1182 1828 1263 ipsa

103 1256 205 1313 Dei
230 1254 495 1334 sapientia
514 1299 527 1323 ,
564 1251 714 1332 quod
744 1264 822 1310 est
851 1251 1103 1310 Christus
1123 1263 1139 1321 ';
1167 1253 1234 1312 de
1258 1278 1369 1336 quo
1401 1260 1475 1318 ait
1504 1265 1822 1344 Apostolus,

107 1344 392 1401 Christum
421 1342 522 1399 Dei
547 1341 801 1399 virtutem
831 1353 885 1397 et
922 1341 1022 1397 Dei
1051 1343 1449 1421 sapientiam2‘?
1483 1350 1691 1414 Deinde
1720 1359 1825 1418 ad-

106 1431 223 1489 didi
251 1453 264 1487 :
303 1434 559 1509 Superest
587 1441 648 1485 ut
673 1428 864 1485 dicatis
896 1428 916 1506 (
935 1428 1068 1507 quid
1095 1431 1237 1487 enim
1264 1454 1374 1490 non
1407 1437 1706 1523 audetisP)‚
1739 1448 1831 1506 in-

107 1520 392 1600 sipientem
423 1539 532 1575 esse
557 1516 875 1596 sapientiam
900 1517 1018 1575 Dei.
1052 1518 1138 1574 Ad
1171 1518 1294 1578 haec
1330 1525 1393 1579 'tu
1420 1546 1433 1581 :
1471 1553 1496 1579 α
1519 1532 1831 1610 Sapientem

107 1633 135 1662 2>
159 1607 363 1676 solum,
398 1604 585 1685 inquis
607 1650 621 1674 ,
657 1605 874 1660 Patrem
902 1604 1171 1683 praedicat
1199 1607 1404 1667 Paulus
1438 1613 1633 1675 beatus
1662 1643 1827 1702 apos-

109 1722 136 1751 »
160 1694 303 1753 tolus
328 1693 512 1751 dicens
544 1691 620 1748 sic
647 1713 660 1747 ε
695 1716 721 1743 (ι
746 1690 858 1748 Soli
888 1691 1118 1771 sapienti
1150 1694 1281 1754 Deo,
1308 1723 1334 1749 »
1366 1697 1474 1758 Sed
1504 1708 1830 1787 requirenda

108 1798 207 1852 est,
235 1783 439 1864 inquiS‚
465 1781 603 1839 ratio
628 1779 1093 1861 quemadmodum
1114 1782 1256 1841 solus
1278 1788 1490 1866 sapiens
1507 1838 1522 1863 ,
1549 1816 1659 1854 non
1680 1802 1830 1879 quod

111 1872 366 1932 Christus
394 1891 503 1928 non
535 1868 601 1926 sit
625 1870 854 1950 sapienS.
886 1896 911 1922 ³>
939 1869 1188 1950 Sequeris
1217 1871 1473 1957 deinceps
1495 1926 1510 1950 ,
1550 1896 1604 1941 et
1627 1886 1832 1963 adjun-

110 1961 189 2037 gis
230 1958 506 2040 quomodo
549 1958 844 2039 sapientem
887 1960 1192 2017 confitearis
1243 1975 1295 2019 et
1335 1964 1620 2030 Christum
1658 1996 1672 2030 z
1706 1998 1835 2036 nam

109 2063 234 2131 post
258 2046 520 2106 nonnulla
539 2094 554 2118 ,
584 2068 710 2127 quae
744 2046 813 2105 ad
844 2069 957 2104 rem
990 2070 1100 2106 non
1127 2051 1456 2128 pertinentia
1492 2061 1733 2135 texuisti,
1775 2080 1837 2125 ut

112 2157 412 2196 sermonem
453 2149 778 2215 tempusque
816 2135 1148 2215 produceres
1170 2183 1184 2208 ,
1223 2139 1386 2198 etiam
1422 2142 1531 2203 hoc
1565 2148 1839 2213 inseruisti

111 2226 292 2287 verbis
312 2225 419 2283 tuis
443 2238 506 2282 ut
540 2224 746 2308 diceres
775 2245 788 2281 ι
825 2250 850 2276 «
878 2224 984 2281 Sed
1014 2247 1137 2283 vere
1165 2226 1309 2285 solus
1341 2232 1550 2310 sapiens
1576 2237 1740 2298 Pater
1767 2264 1781 2298 :
1809 2269 1837 2297 »

114 2315 268 2396 quasi
305 2312 597 2393 Apostolus
631 2311 863 2369 dixerit:
897 2312 1011 2370 Soli
1047 2314 1277 2393 sapienti
1301 2319 1470 2377 Patri.
1517 2325 1625 2382 Sed
1653 2327 1788 2388 dixit
1818 2353 1832 2388 z

115 2430 142 2457 «
174 2401 285 2461 Soli
318 2400 551 2480 sapienti
581 2401 697 2456 Deo
723 2421 736 2455 :
765 2426 790 2451 ›>
833 2400 963 2479 quia
1005 2401 1147 2459 Deus
1175 2417 1252 2460 est
1294 2418 1346 2462 et
1377 2408 1571 2483 Filius,
1608 2416 1756 2494 quod
1785 2432 1838 2477 et

114 2513 209 2551 vos
234 2489 430 2555 vultis3
467 2489 612 2545 Deus
633 2500 710 2544 est
744 2501 796 2544 et
826 2488 1063 2567 Spiritus
1088 2504 1303 2550 sanctus
1322 2540 1337 2565 ,
1366 2497 1463 2554 etsi
1491 2520 1600 2559 non
1631 2505 1792 2565 vultis
1818 2529 1833 2564 ε

115 2594 167 2639 et
191 2580 291 2637 ista
313 2577 550 2634 Trinitas
576 2589 654 2634 est
680 2576 821 2634 solus
847 2578 1056 2657 sapiens
1082 2579 1255 2651 Deus,
1281 2585 1384 2662 ¹qui
1412 2608 1512 2645 nec
1533 2595 1717 2669 potuit
1738 2617 1838 2655 un-

117 2691 285 2750 quam
313 2689 420 2726 esse
445 2666 704 2746 insipiens
733 2666 956 2724 omnino
978 2714 991 2737 ,
1029 2689 1130 2725 nec
1158 2673 1392 2748 poterit3
1433 2698 1542 2735 non
1575 2702 1679 2760 per
1710 2707 1839 2762 gra-

121 2759 248 2815 tiam
273 2756 543 2836 particeps
567 2755 876 2834 sapientiae,
910 2754 1003 2812 sed
1035 2757 1248 2836 sapiens
1272 2760 1653 2827 immobilitate
1682 2786 1843 2855 atque

117 2843 564 2905 immutabilitate
586 2855 813 2902 naturae.
855 2843 994 2901 Nam
1028 2845 1071 2902 si
1098 2845 1197 2902 tibi
1222 2846 1400 2907 dicam
1429 2873 1442 2908 ε
1478 2854 1655 2916 lta-ne
1688 2880 1836 2935 ver0,

121 2956 153 2993 o
171 2934 340 2991 homo
359 2979 373 3004 ,
399 2931 495 3011 qui
517 2930 817 2989 christiano
840 2932 1060 2990 nomine
1085 2933 1330 3008 gloriaris
1347 2984 1362 3008 ,
1391 2939 1643 3003 Christus
1665 2947 1740 3007 sic
1765 2963 1845 3009 est

122 3024 333 3104 sapiens
350 3068 364 3093 ‚
393 3033 582 3078 utnon
606 3020 674 3077 sit
698 3042 821 3079 vere
843 3021 1091 3101 sapiens?
1118 3027 1356 3100 Ergo-ne
1382 3028 1632 3093 Christus
1654 3038 1750 3117 qui
1767 3053 1853 3115 est*

123 3133 280 3173 verus
307 3115 457 3168 Deus
473 3156 487 3180 ,
519 3129 631 3166 non
657 3122 736 3167 est
763 3131 886 3168 vere
909 3111 1159 3191 sapiens?
1183 3134 1364 3175 nonne
1389 3117 1463 3176 ita
1491 3122 1596 3180 sub
1620 3124 1728 3185 hac
1754 3129 1847 3186 in·-

56 3203 62 3208 ’
125 3197 483 3276 terrogatione
516 3195 823 3255 turbaberis
843 3244 859 3270 ,
886 3211 946 3256 ut
970 3200 1231 3260 continuo
1262 3206 1589 3285 respondeas
1607 3257 1622 3283 ,
1653 3214 1849 3275 Chris-

2 3764 22 3790 ⁸⁴
11 3736 13 3740 .
2 3556 23 3705 -„⁵=··'⁴⁸ff¹-„

187 3304 350 3346 lnom.
377 3316 556 3352 xv1‚27.
574 3299 666 3332 —2
689 3317 703 3341 1
728 3303 822 3345 Cor.
847 3316 876 3351 ι,
895 3310 963 3350 24.
