2144 3808
314 283 432 354 240
844 298 889 340 s.
942 298 1250 341 mensum
1295 301 1552 342 EPISCOPI

313 379 594 440 mutabilis
626 403 643 440 t
675 379 754 440 ita
787 393 841 440 et
877 374 1116 462 Spiritus
1152 396 1372 442 sanctus
1394 432 1408 457 ,
1447 384 1544 465 qui
1579 383 1709 443 alias
1736 383 1997 444 columba
2018 432 2034 458 ,

314 471 447 531 alias
480 471 618 548 ignis
646 470 923 551 apparuit.
953 470 1112 528 Unde
1136 493 1250 529 non
1272 473 1530 532 Trinitati
1550 520 1566 546 ,
1593 472 1746 531 aiunt
1765 520 1781 545 ,
1811 471 1904 532 sed
1925 474 2042 532 sin-

309 561 568 639 gulariter
607 574 661 619 et
703 560 928 641 proprie
964 561 1121 619 Patri
1157 563 1540 621 tantummodo
1586 563 1844 623 convenit
1889 563 2042 644 quod

309 650 522 709 dictum
556 662 634 707 est
686 671 702 706 ε
748 675 773 701 «
793 649 1102 707 Immortali
1126 697 1140 723 ,
1174 662 1227 708 et
1254 650 1517 709 invisibili
1550 651 1649 710 soli
1693 654 1809 711 Deo
1839 675 1852 710 ε
1879 679 1905 707 »
1941 666 1995 711 et
2021 700 2035 726 ,

309 764 338 793 «
363 738 477 811 Qui
505 737 652 796 solus
686 737 859 796 habet
884 737 1355 797 immortalitatem
1380 785 1396 812 ,
1446 754 1500 798 et
1540 740 1722 799 lucem
1766 741 2042 800 inhabitat

307 853 335 880 »
354 821 829 899 inaccessibilem,
866 846 1028 906 quem
1058 848 1219 888 nemo
1243 826 1537 887 hominum
1563 829 1740 902 vidi-,t
1768 850 1944 944 neque
1966 829 2046 891 vi-

307 943 336 970 »
361 915 488 975 dere
510 928 755 996 potest.»

380 1001 538 1065 XVI.
592 1004 822 1063 Omissis
850 1024 976 1079 ergo
1006 1005 1120 1062 istis
1146 1050 1161 1076 ,
1201 1005 1299 1084 qui
1328 1027 1429 1063 nec
1463 1006 1660 1064 animae
1684 1006 2045 1065 substantiam

304 1093 636 1154 invisibilem
657 1113 813 1150 nosse
841 1105 1148 1172 potuerunt
1169 1139 1184 1165 ,
1228 1093 1376 1151 unde
1407 1093 1567 1171 longe
1593 1108 1865 1154 remotum
1881 1096 1951 1155 ab
1970 1095 2044 1154 eis

306 1196 422 1241 erat
447 1195 511 1241 ut
531 1193 751 1240 nossent
778 1181 941 1239 unius
969 1193 1024 1239 et
1055 1180 1220 1240 solius
1247 1183 1381 1251 Dei,
1412 1181 1471 1241 id
1493 1196 1600 1255 est,
1632 1183 1812 1242 Patris
1834 1196 1888 1242 et
1921 1181 2047 1242 Filii

303 1285 358 1331 et
384 1272 624 1354 Spiritus
654 1271 864 1343 sancti,
891 1291 1005 1329 non
1030 1270 1205 1330 solum
1243 1271 1576 1332 invisibilem
1598 1319 1614 1346 ,
1646 1294 1838 1334 verum
1873 1285 1928 1331 et
1950 1273 2044 1330 in-

302 1360 756 1420 commutabilem
795 1381 1114 1441 permanere
1153 1361 1550 1432 substantiam,
1598 1383 1663 1420 ac
1705 1384 1804 1443 per
1838 1361 1949 1420 boc
1983 1358 2044 1418 in

301 1471 427 1510 vera
445 1464 499 1509 et
519 1450 729 1509 sincera
747 1448 1160 1508 immortalitate
1180 1450 1470 1509 consistere
1496 1472 1510 1508 ε
1531 1471 1629 1508 nos
1647 1451 1746 1532 qui
1757 1467 2044 1530 nunquam

300 1539 621 1620 apparuisse
641 1538 918 1619 corporeis
933 1537 1108 1596 oculis
1121 1540 1300 1597 Deum
1315 1561 1417 1598 nec
1429 1540 1672 1612 Patrem,
1691 1560 1794 1598 nec
1813 1538 2037 1609 Filium,

296 1649 398 1686 nec
420 1629 693 1709 Spiritum
721 1639 973 1685 sanctum
1003 1625 1240 1686 dicimus
1264 1674 1279 1700 ,
1313 1629 1418 1686 nisi
1445 1649 1545 1708 per
1579 1627 1886 1704 subjectam
1928 1644 2042 1684 suae

300 1717 558 1797 potestati
590 1736 916 1797 corpoream
945 1728 1253 1774 creaturam
1279 1763 1294 1787 ‚
1326 1717 1387 1775 in
1418 1737 1556 1796 pace
1587 1715 1864 1775 catholica
1886 1712 2041 1794 paci-

301 1806 409 1864 fico
449 1806 632 1865 studio
681 1805 1027 1884 requiramus
1044 1852 1059 1878 ,
1108 1806 1293 1886 parati
1329 1805 1566 1881 corrigi,
1612 1805 1656 1864 si
1692 1804 1928 1863 fraterne
1975 1821 2040 1860 ac

297 1906 444 1952 recte
480 1892 979 1974 reprehendimur3
1015 1894 1198 1973 parati
1229 1893 1392 1952 etiam
1426 1894 1472 1951 si
1506 1894 1578 1952 ab
1614 1893 1873 1964 inimiCO,
1911 1911 2040 1951 vera

301 1993 486 2040 tamen
510 1981 727 2039 dicente
746 2027 762 2051 ,
786 1979 1107 2038 mordemur
1128 2006 1143 2049 ;
1176 1986 1363 2039 utrum
1388 1982 1678 2040 indiscrete
1696 1982 1841 2039 Deus
1857 2001 2038 2061 appa-

295 2071 466 2129 ruerit
480 2069 738 2128 Patribus
751 2068 949 2126 nostris
964 2082 1254 2150 antequam
1273 2069 1528 2128 Christus
1543 2070 1753 2130 veniret
1764 2070 1823 2127 in
1845 2089 2033 2140 carne,

298 2180 371 2217 an
402 2158 587 2240 aliqua
613 2179 678 2217 ex
702 2157 969 2216 Trinitate
998 2179 1261 2239 persona,
1302 2181 1374 2217 an
1407 2158 1724 2236 singillatim
1754 2158 1911 2240 quasi
1937 2177 2037 2238 per

293 2247 457 2308 vices,

375 2336 557 2397 XVII.
612 2337 692 2395 Ac
715 2335 963 2416 primum
985 2336 1045 2394 in
1069 2357 1133 2395 eo
1151 2335 1344 2417 quod
1329 2359 1389 2395 m
1413 2335 1610 2397 Genesi
1634 2337 1903 2416 scriptum
1923 2346 2029 2407 est,

289 2422 543 2483 locutum
567 2426 747 2483 Deum
776 2444 907 2482 cum
931 2423 1156 2483 homine
1191 2445 1359 2506 quem
1397 2424 1466 2483 de
1500 2425 1634 2483 limo
1659 2421 1958 2494 finxerat1‚
1989 2421 2034 2481 si

291 2520 514 2593 excepta
541 2512 777 2589 figurata
799 2512 1197 2589 significatione
1214 2560 1229 2586 ,
1259 2527 1322 2572 ut
1340 2515 1419 2573 rei
1435 2527 1597 2591 gestae
1615 2510 1751 2572 fides
1773 2513 1935 2570 etiam
1963 2507 2033 2567 ad

291 2599 532 2660 litteram
558 2613 808 2659 teneatur
826 2646 841 2671 ‚
885 2601 988 2660 ista
1015 2615 1345 2675 tractamus,
1379 2603 1438 2661 in
1469 2601 1649 2682 specie
1676 2598 1917 2658 hominis
1943 2597 2032 2657 vi·-

290 2689 452 2750 detur
482 2691 628 2748 Deus
651 2709 782 2747 cum
808 2689 1036 2748 homine
1063 2703 1199 2748 tunc
1234 2690 1470 2750 locutus,
1516 2689 1641 2747 Non
1678 2687 1902 2769 quidem
1935 2707 2031 2745 ex-

287 2801 472 2859 presse
503 2779 616 2853 hqc
648 2777 711 2836 in
737 2777 884 2837 libro
925 2779 1170 2860 positum
1203 2793 1314 2852 est,
1348 2779 1442 2838 sed
1468 2777 1884 2838 circumstantia
1911 2775 2029 2835 lec-

290 2867 452 2926 tionis
479 2867 539 2926 id
565 2878 781 2926 resonat
797 2912 813 2939 ,
846 2868 1078 2926 maxime
1096 2867 1192 2927 illo
1217 2868 1370 2949 quod
1399 2870 1669 2950 scriptum
1693 2881 1771 2926 est
1793 2915 1808 2941 ,
1836 2886 2029 2927 vocem

288 2955 392 3013 Dei
413 2955 682 3015 audivisse
704 2952 884 3013 Adam
910 2954 1318 3014 deambulantis
1350 2957 1407 3015 in
1436 2956 1691 3039 paradiso
1725 2955 1796 3015 ad
1830 2973 2026 3040 vespe-

286 3063 408 3102 ram
428 3089 444 3115 ,
470 3055 524 3100 et
545 3041 894 3101 abscondisse
921 3066 975 3104 se
998 3046 1055 3104 in
1078 3044 1259 3103 medio
1288 3045 1422 3122 ligni
1447 3044 1601 3127 quod
1628 3057 1742 3103 erat
1769 3044 1828 3100 in
1854 3062 2025 3122 para-

289 3129 438 3204 diso,
485 3131 713 3211 Deoque
753 3129 1011 3205 dicenti,
1050 3158 1079 3187 «
1098 3133 1278 3193 Adam
1318 3134 1420 3194 ubi
1461 3138 1593 3194 esP»
1633 3129 2018 3213 respondisse:

347 3235 364 3267 ¹
387 3237 494 3279 Gen.
516 3248 581 3287 111,
600 3236 644 3279 8.
