2144 3808
323 324 397 383 32
829 343 873 381 s,
925 339 1233 380 mensum
1276 340 1531 382 Emscom

319 425 580 506 raphim?
606 423 691 483 Ad
713 416 1404 506 quorum'multitudinem‚
1441 439 1501 484 ut
1529 425 1756 502 legimus
1783 428 1841 487 in
1872 429 2049 489 Evan-

319 515 481 591 gelio,
505 537 664 575 omne
684 536 850 592 genus
869 515 1177 572 humanum
1198 512 1266 571 ad
1284 535 1451 572 unam
1469 518 1813 596 comparavit
1832 517 2044 590 ovem1‚

318 603 504 664 dicens
538 627 554 663 ι
593 631 620 658 α
642 603 867 662 Relictis
893 603 1192 678 nonaginta
1220 622 1417 660 novem
1449 602 1507 660 in
1542 605 1825 664 montibus
1847 652 1863 679 ‚
1896 606 2046 664 venit

317 720 346 748 2>
373 714 615 774 quaerere
632 713 798 751 unam
820 703 1106 749 errantem.
1134 690 1276 747 Nam
1298 689 1533 770 denique
1550 691 1627 749 sic
1642 693 1744 751 erit
1757 693 2043 768 gaudium,

316 809 345 838 >2
373 785 450 842 ait
468 830 482 854 ,
515 783 573 841 in
595 781 737 841 coelo
764 801 930 861 super
952 800 1064 837 uno
1088 790 1376 858 peccatore
1403 779 1791 858 poenitentiam
1815 795 2001 857 agente
2028 829 2043 854 ‚

314 898 342 926 »
368 892 534 952 quam
574 871 633 930 in
659 870 955 945 nonaginta
987 887 1184 926 novem
1202 866 1363 941 justis
1395 867 1490 946 qui
1525 888 1637 926 non
1658 868 1906 946 indigent
1924 891 2047 951 poe-

314 987 342 1014 »
369 959 696 1018 nitentia2.»
714 958 856 1016 Nam
885 956 982 1038 qui
1009 977 1120 1013 non
1143 953 1390 1029 indigent
1412 955 1742 1034 poenitentia
1769 958 1866 1037 qui
1894 972 2040 1030 sunt,

311 1048 418 1107 nisi
453 1048 645 1129 utique
671 1046 781 1105 illae
809 1045 1053 1104 coelestes
1086 1042 1356 1112 Virtutes,
1400 1041 1605 1122 quibus
1632 1043 1776 1102 nihil
1805 1058 1885 1102 est
1919 1066 2046 1104 cum

310 1138 557 1197 humana
583 1149 781 1195 natura
804 1135 1130 1192 commune?
1171 1130 1583 1189 Consideranda
1605 1145 1685 1189 est
1706 1132 1880 1192 virtus
1902 1133 2046 1192 Uni—

310 1227 478 1303 geniti
510 1226 611 1284 Dei
638 1272 652 1298 ,
685 1239 739 1283 et
764 1226 823 1282 in
850 1223 970 1303 ipso
1001 1218 1324 1278 admiranda
1349 1232 1426 1276 est
1453 1221 1774 1296 magnitudo
1793 1222 2044 1303 omnipo-

309 1316 495 1374 tentiae
525 1315 649 1387 Dei,
678 1314 777 1395 qui
794 1325 1010 1370 tantum
1035 1331 1098 1368 ac
1125 1308 1288 1367 talem.
1318 1309 1504 1384 genuit
1533 1309 1732 1368 Filium
1753 1357 1767 1383 ‚
1801 1324 1912 1369 tam
1940 1332 2040 1392 po-

306 1420 510 1466 tentem
531 1454 545 1478 ‚
579 1421 691 1465 tam
715 1406 1013 1486 sapientem
1031 1449 1046 1474 ‚
1079 1403 1156 1460 sic
1182 1399 1432 1480 plenum,
1466 1400 1563 1479 qui
1591 1413 1790 1475 tantaS,
1816 1424 1880 1460 ac
1909 1403 2040 1461 tales

306 1497 549 1556 coelestes
570 1496 810 1554 Virtutes
835 1492 982 1551 fecit.
1028 1492 1100 1548 Et
1128 1510 1195 1546 ne
1224 1488 1441 1549 verbosi
1476 1489 1843 1562 inveniamur,
1878 1492 2042 1550 sicuti

296 1589 414 1662 jam
439 1598 494 1644 et
522 1584 780 1643 denotare
802 1602 901 1640 nos
930 1579 1184 1655 dignatus
1208 1598 1262 1634 es
1284 1601 1299 1644 ;
1331 1576 1484 1656 quod
1503 1577 1728 1658 quidem
1754 1591 1917 1660 atque
1937 1581 2042 1638 uti-

301 1695 434 1733 nam
464 1672 747 1748 contingat
765 1718 780 1743 ‚
826 1682 887 1728 ut
917 1681 971 1726 et
994 1689 1093 1725 nos
1122 1685 1413 1746 possumus
1435 1664 1614 1724 dicere
1647 1689 1662 1724 ι
1690 1668 1845 1725 «Nos
1883 1667 2038 1727 stulti

301 1789 330 1817 >2
357 1777 586 1843 propter
603 1761 912 1830 Christum,
930 1770 982 1816 et
999 1769 1262 1836 tanquam
1279 1767 1641 1834 purgamenta
1653 1755 1849 1815 mundi
1869 1756 1970 1834 huj
1978 1778 2041 1816 us

299 1878 328 1910 n
350 1853 486 1912 facti
507 1851 724 1910 sumus3
750 1872 812 1907 z»
842 1860 895 1906 et
919 1846 962 1904 si
989 1844 1127 1926 quid
1153 1842 1303 1901 aliud
1325 1855 1421 1900 tua
1445 1843 1632 1919 religio
1663 1843 1730 1902 de
1757 1845 1919 1903 nobis
1937 1867 2034 1906 vo-

297 1941 729 2019 lueritjudicare.
755 1938 970 1997 Scimus
985 1933 1146 1993 illum
1163 1932 1261 2013 qui
1281 1931 1448 1990 dixit:
1467 1958 1493 1983 «
1508 1931 1784 2003 Quoniam
1807 1947 2037 2014 Propter

297 2057 326 2086 2>
349 2044 402 2090 te
423 2029 825 2111 improperium
843 2022 1075 2083 sustinui
1091 2035 1204 2079 tota
1225 2019 1364 2078 die4.
1389 2046 1415 2072 »
1436 2019 1523 2077 Ad
1543 2020 1695 2100 quod
1721 2021 2028 2102 exemplum

295 2142 395 2180 nos
418 2140 725 2202 provocans
757 2113 964 2174 Paulus
983 2158 998 2183 ‚
1036 2109 1259 2169 dicebat
1289 2130 1304 2165 ι
1332 2134 1358 2161 α
1377 2108 1683 2166 Imitatores
1710 2105 1818 2167 mei
1839 2123 2026 2184 estote,

294 2236 322 2265 >³
351 2211 495 2270 sicut
509 2223 563 2269 et
578 2229 675 2286 ego
687 2201 948 2265 Christi5.
960 2228 986 2254 ))
998 2200 1140 2257 Nam
1153 2211 1206 2256 et
1218 2198 1412 2256 Petrus
1426 2197 1501 2255 ait
1517 2219 1530 2255 ι
1545 2197 1830 2257 «Christus
1846 2221 2032 2279 passus

293 2327 321 2355 >³
348 2315 427 2360 est
441 2322 545 2382 pro
569 2297 727 2359 vobis
745 2343 759 2368 ,
787 2293 1096 2371 relinquens
1121 2287 1278 2347 vobis
1299 2285 1627 2366 exemplum,
1646 2299 1708 2344 ut
1726 2288 2031 2367 sequamini

292 2417 320 2446 »
348 2389 575 2466 vestigia
599 2387 763 2463 eJusss.
787 2412 813 2438 ›>
841 2378 1160 2440 Secundum
1183 2375 1484 2435 divinitatis
1504 2396 1616 2433 suae
1633 2376 1992 2435 substantiam
2008 2424 2024 2450 ,

292 2503 403 2540 non
427 2479 604 2539 solum
636 2476 708 2534 ab
728 2469 1051 2532 hominibus
1088 2487 1202 2524 non
1238 2464 1458 2524 videtur
1492 2463 1691 2536 Filius,
1736 2463 1828 2522 sed
1864 2465 2026 2524 etiam

290 2591 391 2629 nec
416 2593 446 2629 a
466 2564 782 2628 coelestibus
802 2556 1132 2620 Virtutibus,
1154 2556 1341 2612 Potest
1365 2552 1508 2611 enim
1522 2551 1896 2628 Archangelus
1915 2553 2026 2612 An-

289 2660 472 2737 gelum
499 2656 684 2718 videre
703 2701 718 2726 ‚
746 2649 983 2727 Angelus
1012 2646 1218 2705 animas
1244 2656 1452 2702 nostras
1473 2640 1737 2722 spiritales
1761 2654 1815 2699 et
1836 2641 2024 2702 videre

288 2763 341 2809 et
369 2760 690 2830 penetrare:
722 2743 833 2802 boc
854 2752 932 2798 est
952 2737 1166 2816 utique,
1187 2737 1450 2808 majorem
1460 2729 1750 2788 inferiores
1773 2744 1825 2789 et
1840 2731 2024 2792 videre

287 2854 340 2901 et
363 2842 665 2920 penetrare.
704 2833 776 2890 Et
805 2824 1107 2887 secundum
1138 2819 1435 2879 salvatoris
1467 2819 1818 2891 sententiam,
1853 2833 1914 2878 ut
1939 2820 2020 2879 di-

287 2915 449 2990 cebat
464 2940 598 2984 tunc
620 2921 687 2980 ad
702 2920 860 2978 illum
881 2914 980 2997 qui
1005 2934 1058 2971 se
1082 2910 1304 2971 divitem
1318 2907 1568 2984 jactabat
1597 2930 1611 2965 z
1638 2934 1663 2960 α
1686 2908 1884 2981 Stulte,
1909 2909 2018 2968 hac

285 3046 314 3075 ›>
343 3029 503 3077 nocte
528 3007 901 3092 expostulatur
924 3003 1102 3062 anima
1133 3013 1227 3058 tua
1259 3021 1289 3056 a
1316 3011 1367 3055 te
1385 2997 1409 3034 7
1435 3019 1448 3054 :
1480 3024 1507 3050 ›>
1534 3010 1613 3055 est
1640 2997 1882 3055 officium
1906 2997 2037 3056 An-‘

284 3106 421 3186 geli,
450 3118 515 3163 ut
543 3100 780 3161 animam
804 3094 1051 3154 restituat
1079 3102 1201 3148 ante
1231 3098 1587 3168 conspectum
1616 3085 1854 3145 Domini.
1888 3085 2014 3144 Non

344 3230 358 3259 ι
378 3222 527 3270 Matth,
549 3233 672 3272 xvm,
699 3230 765 3259 12.
785 3236 844 3247 —-
859 3212 879 3242 ²
896 3217 992 3253 Luc.
1009 3225 1076 3261 xv,
1097 3219 1202 3258 4.-
1219 3204 1237 3236 ³
1259 3225 1275 3249 1
1302 3210 1393 3249 Cor.
1415 3221 1474 3256 ιν,
1493 3218 1539 3245 ιο
1556 3226 1614 3235 —-
1635 3201 1655 3233 ⁴
1678 3204 2008 3256 Psal.1„xv111,8.

283 3320 337 3328 .-
359 3293 376 3324 5
403 3308 418 3335 1
440 3293 611 3339 Cot-,133
641 3287 707 3327 16.
726 3306 783 3317 -
800 3279 819 3310 6
848 3296 862 3321 1
885 3284 990 3321 Petr.
1011 3292 1059 3331 11,
1083 3293 1153 3323 21.
1181 3299 1237 3307 ——-
1254 3273 1271 3303 ⁷
1290 3278 1384 3316 Luc.
1416 3287 1494 3323 xxx,
1515 3286 1580 3314 πο.
