2144 3808
231 282 348 345 528
767 298 810 341 s.
864 298 1170 339 Auous'nm
1213 293 1471 339 muscos-1

228 385 445 463 ceditur
466 431 480 455 ‚
507 383 875 442 dissentiendo
902 383 1144 441 frenetur
1169 403 1183 439 ε
1227 403 1353 462 quae
1386 381 1497 439 duo
1535 379 1707 439 aliena
1734 379 1895 439 fuisse
1925 401 1957 439 a

225 472 482 553 paradiso
513 485 636 531 ante
659 485 949 553 peccatum
974 517 988 543 ,
1023 471 1279 529 dubitare
1303 470 1426 550 quis
1453 469 1665 550 possit?
1695 470 1836 526 Nam
1865 489 1955 526 ne·

224 582 332 642 que
356 561 451 620 illa
469 561 726 618 honestas
750 559 991 618 faciebat
1014 559 1220 639 aliquid
1244 558 1561 616 indecorum
1580 604 1595 629 ,
1628 578 1729 615 nec
1756 556 1848 614 illa
1869 555 1954 614 fe-
2038 584 2040 587 ’

223 647 402 707 licitas
431 647 748 729 patiebatur
774 648 982 729 aliquid
1010 648 1367 728 impacatum.
1418 646 1730 727 Oportebat
1768 645 1954 726 itaque

225 751 287 795 ut
315 738 416 796 ista
452 736 685 796 carnalis
723 738 1170 818 concupiscentia
1195 736 1346 794 nulla
1391 736 1472 793 ibi
1514 748 1648 793 esset
1688 734 1911 792 omnino
1933 781 1947 806 ‚

222 825 447 907 quando
480 825 901 906 concipiebatur
930 826 1154 901 virginis
1189 837 1380 904 partus
1399 870 1412 895 ‚
1438 823 1496 880 in
1519 845 1630 903 quo
1656 821 1798 880 nihil
1825 822 1951 898 dig-

222 935 357 972 num
392 926 566 972 morte
593 912 772 971 fuerat
810 914 1164 983 inventurUS‚
1207 925 1261 970 et
1298 934 1422 970 eum
1461 925 1643 969 tamen
1676 911 1954 969 occisurus

223 1015 416 1061 auctor
449 1002 672 1072 mortiS‚
717 1002 953 1058 auctoris
989 1001 1118 1059 vitae
1163 1012 1337 1057 morte
1380 999 1727 1058 vincendus:
1773 999 1951 1057 victor

215 1092 386 1171 primi
412 1090 590 1148 Adam
613 1101 668 1146 et
691 1101 873 1145 tenens
898 1109 1063 1163 genus
1085 1087 1398 1145 humanum
1415 1133 1431 1159 ‚
1455 1088 1635 1146 victus
1661 1109 1689 1144 a
1709 1087 1948 1146 secundo

218 1178 396 1237 Adam
424 1190 479 1236 et
509 1177 760 1235 amittens
785 1197 953 1252 genus
979 1176 1341 1234 christianum
1361 1222 1375 1247 ‚
1422 1175 1717 1233 liberatum
1745 1197 1806 1233 ex
1833 1177 1947 1235 hu-

215 1288 378 1327 mano
407 1286 598 1343 genere
633 1265 703 1322 ab
730 1265 976 1322 humano
1007 1265 1236 1322 crimine
1254 1311 1269 1336 ,
1301 1286 1401 1345 per
1427 1285 1550 1322 eum
1575 1264 1672 1345 qui
1697 1285 1810 1321 non
1833 1276 1947 1322 erat

213 1355 271 1412 in
298 1355 556 1426 crimine,
582 1354 833 1434 quamvis
862 1367 996 1411 esset
1026 1375 1085 1411 ex
1117 1375 1341 1430 genere3
1376 1366 1437 1410 ut
1466 1353 1729 1433 deceptor
1759 1352 1850 1410 ille
1874 1353 1946 1410 ab

214 1464 277 1500 eo
306 1443 618 1502 vinceretur
645 1463 834 1518 genere
855 1488 869 1512 ‚
909 1441 1061 1521 quod
1091 1442 1295 1501 vicerat
1327 1441 1574 1500 crimine.
1617 1442 1686 1498 Et
1721 1441 1830 1499 hoc
1869 1440 1945 1499 ita

213 1543 423 1607 gestum
460 1544 575 1601 est,
602 1543 663 1588 ut
705 1526 873 1587 homo
913 1551 1026 1587 non
1063 1529 1380 1601 extollatur,
1414 1529 1506 1587 sed
1542 1557 1568 1582 «
1600 1529 1712 1601 Qui
1741 1529 1944 1605 gloria-

211 1611 247 1672 »ι
265 1631 387 1690 tur,
435 1618 495 1676 in
543 1618 782 1676 Domino
825 1617 1138 1693 glorietur-4.
1169 1643 1195 1671 »
1245 1619 1357 1690 Qui
1407 1618 1552 1676 enim
1603 1618 1782 1676 victus
1826 1631 1936 1690 est,

209 1706 379 1764 homo
407 1719 619 1764 tantum
645 1719 796 1774 erat;
823 1719 875 1764 et
897 1706 1019 1765 ideo
1042 1707 1219 1766 victus
1249 1721 1355 1778 est,
1385 1706 1514 1787 quia
1538 1707 1772 1787 superbe
1797 1709 1942 1766 Deus

208 1815 317 1852 esse
344 1795 608 1874 cupiebat
637 1816 651 1851 ε
679 1794 776 1875 qui
806 1808 985 1852 autem
1018 1795 1187 1867 vicit,
1235 1809 1289 1853 et
1317 1795 1486 1853 homo
1534 1809 1647 1853 erat
1674 1809 1726 1854 et
1757 1796 1935 1866 Deus;

207 1894 261 1939 et
283 1882 406 1939 ideo
439 1883 515 1939 sic
544 1881 680 1940 vicit
706 1895 867 1939 natus
898 1903 958 1939 ex
985 1883 1194 1958 virgine
1214 1930 1229 1955 ,
1273 1885 1401 1963 quia
1440 1888 1586 1941 Deus
1622 1883 1935 1956 humiliter,

205 1990 317 2026 non
365 1967 644 2049 quomodo
689 1968 823 2025 alios
867 1982 1118 2040 sanct05‚
1162 1971 1385 2046 regebat
1416 1970 1575 2028 illum
1617 1972 1932 2044 hominem,

206 2056 299 2113 sed
328 2056 565 2132 gerebat.
600 2055 737 2113 Haec
772 2069 922 2114 tanta
954 2057 1055 2114 Dei
1094 2057 1242 2115 dona
1265 2104 1280 2129 ‚
1313 2071 1366 2116 et
1403 2059 1446 2116 si
1477 2081 1587 2140 qua
1629 2059 1732 2117 alia
1770 2075 1896 2119 sunt
1917 2108 1931 2134 ,

202 2164 329 2222 quae
358 2142 426 2201 de
450 2143 556 2201 hac
586 2164 644 2200 re
672 2143 835 2201 nobis
877 2157 928 2202 et
973 2165 1217 2224 quaerere
1246 2167 1395 2204 nunc
1422 2159 1476 2204 et
1509 2147 1764 2206 disserere
1806 2148 1936 2208 lon-

201 2253 330 2307 gum
353 2246 431 2291 est
453 2279 468 2304 ,
505 2232 610 2290 nisi
639 2232 882 2292 Verbum
909 2255 1040 2292 caro
1068 2236 1256 2306 fieret,
1279 2235 1431 2294 nulla
1462 2251 1651 2296 essent.

279 2321 483 2380 XXIV.
535 2321 672 2379 Haec
711 2335 893 2380 autem
947 2324 1130 2383 omnia
1175 2345 1302 2404 quae
1341 2347 1445 2405 pro
1487 2326 1647 2384 nobis
1687 2328 1932 2388 Verbum

199 2430 327 2468 caro
355 2408 567 2468 factum
595 2411 965 2490 temporaliter
994 2426 1048 2470 et
1070 2413 1315 2472 localiter
1334 2414 1469 2485 fecit
1496 2428 1550 2472 et
1570 2415 1826 2495 pertulit,
1855 2440 1926 2477 se·

196 2497 442 2556 cundum
468 2497 873 2556 distinctionem
901 2521 1065 2579 quam
1089 2500 1458 2560 demonstrare
1479 2505 1836 2584 suscepimUS‚
1861 2507 1932 2564 ad

193 2587 476 2644 scientiam
523 2587 833 2666 pertinent,
878 2611 990 2647 non
1036 2589 1106 2647 ad
1154 2592 1494 2671 sapientiam.
1541 2593 1708 2664 Quod
1749 2608 1929 2653 autem

192 2674 440 2732 Verbum
473 2687 552 2732 est
580 2674 691 2732 sine
717 2689 961 2756 tempore
993 2690 1046 2734 et
1077 2677 1190 2735 sine
1214 2678 1335 2736 loco
1354 2726 1367 2750 ,
1415 2693 1492 2738 est
1519 2681 1664 2738 Patri
1696 2696 1927 2740 coaeter-

192 2783 327 2820 num
359 2776 412 2820 et
455 2763 663 2843 ubique
692 2777 866 2822 totum
885 2811 900 2836 ‚
934 2765 1002 2822 de
1030 2786 1142 2845 quo
1170 2766 1212 2823 si
1237 2767 1526 2847 quisquam
1549 2782 1729 2847 potest
1753 2792 1926 2850 quan-

192 2863 310 2908 tum
351 2863 532 2931 potest
572 2872 815 2910 veracem
852 2852 1098 2932 proferre
1135 2875 1433 2912 sermonem
1454 2901 1468 2926 ,
1503 2877 1678 2915 sermo
1706 2859 1797 2917 ille
1824 2860 1925 2917 erit

189 2939 472 3018 sapientiae
514 2961 528 2995 ε
574 2960 638 2997 ac
669 2960 768 3019 per
798 2940 909 2999 hoc
937 2940 1181 2999 Verbum
1216 2963 1342 3000 caro
1380 2942 1618 3016 factum,
1657 2946 1807 3026 quod
1846 2961 1922 3006 est

190 3025 443 3083 Christus
470 3027 653 3096 JesuS,
686 3040 740 3084 et
762 3027 1044 3108 sapientiae
1078 3028 1359 3087 thesauros
1387 3030 1556 3089 habet
1579 3046 1632 3091 et
1653 3034 1911 3096 scientiae.

188 3113 328 3172 Nam
358 3112 600 3171 scribens
627 3115 920 3192 Apostolus
949 3115 1015 3173 ad
1039 3114 1376 3176 Colossenses
1401 3139 1414 3174 z
1445 3145 1471 3171 α
1491 3119 1629 3179 Volo
1657 3121 1801 3181 enim
1823 3143 1918 3182 vos

247 3217 304 3255 ¹2
323 3219 418 3260 Cor.
442 3230 485 3268 x,
507 3230 575 3267 17·
