2144 3808
623 282 696 323 nn
738 279 1058 333 TRINITATE,
1106 281 1218 321 LIB.
1270 284 1358 323 111.
1749 261 1866 322 265

138 378 357 424 sanctus
383 362 788 433 ostendebatur,
816 383 922 421 *cur
943 362 1107 419 etiam
1134 361 1248 441 ipse
1278 382 1428 418 nunc
1450 360 1720 422 diceretur
1740 364 1873 421 mis-

138 474 228 511 sus
248 500 262 523 ,
296 474 422 511 cum
447 452 554 511 illis
583 451 759 508 modis
786 464 839 508 et
868 463 1022 509 antea
1049 450 1393 508 mitteretur?
1423 450 1633 507 Deinde
1668 451 1870 509 subdi-

138 542 357 599 visimus
376 587 391 612 ,
420 554 481 598 ut
505 540 628 597 haec
644 539 1055 616 diligentissime
1071 550 1460 608 tractarentur,
1475 549 1527 594 et
1541 537 1871 616 tripartitam

135 628 362 687 fecimus
401 629 794 711 quaestionem,
837 633 997 704 cujus
1030 648 1138 685 una
1179 648 1307 707 pars
1351 626 1409 683 in
1454 625 1694 683 secundo
1726 626 1872 683 libro

137 716 402 797 explicata
425 731 524 785 est,
554 716 681 775 duae
707 729 840 774 sunt
862 716 1088 796 reliquae
1109 761 1125 786 ,
1155 715 1222 772 de
1252 714 1456 794 quibus
1486 713 1744 794 deinceps
1765 713 1874 771 dis-

137 826 308 873 serere
339 805 636 882 aggrediar.
688 805 812 862 Jam
844 805 989 862 enim
1032 804 1327 884 quaesitum
1372 816 1535 883 atque
1581 815 1875 861 tractatum

137 908 248 964 est,
280 895 338 952 in
374 895 482 952 illis
522 894 767 974 antiquis
808 894 1196 974 corporalibus
1247 892 1436 951 formis
1474 905 1529 949 et
1558 893 1682 950 visis
1707 937 1723 963 ,
1762 912 1876 949 non

138 982 521 1040 tantummodo
583 985 804 1040 Patrem
831 1029 845 1054 ,
890 1003 990 1040 nec
1035 980 1421 1039 tantummodo
1479 980 1681 1038 Filium
1699 1026 1713 1051 ,
1773 999 1875 1035 nec

137 1071 522 1129 tantummodo
553 1071 826 1151 Spiritum
856 1085 1104 1129 sanctum
1137 1070 1454 1150 apparuisse
1475 1117 1490 1141 ,
1524 1068 1619 1127 sed
1662 1080 1757 1126 aut
1783 1067 1877 1125 in-

139 1157 448 1217 differenter
476 1160 774 1217 Dominum
803 1160 981 1216 Deum
1006 1159 1104 1239 qui
1128 1157 1371 1216 Trinitas
1391 1158 1509 1238 ipsa
1526 1155 1872 1231 intelligitur,

142 1261 236 1305 aut
263 1249 572 1329 quamlibet
593 1271 655 1307 ex
677 1250 945 1307 Trinitate
969 1269 1291 1329 personam,
1319 1269 1485 1328 quam
1506 1246 1753 1306 lectionis
1771 1259 1878 1303 tex-

142 1349 231 1394 tus
259 1337 476 1396 indiciis
513 1339 999 1396 circumstantibus
1026 1338 1373 1413 significaret.

227 1425 321 1484 1V.
375 1426 537 1483 Nunc
583 1448 708 1502 ergo
749 1427 996 1506 primum
1038 1446 1355 1505 quaeramus
1406 1422 1556 1504 quod
1609 1421 1872 1502 sequitur.

144 1513 284 1571 Nam
305 1514 544 1572 secundo
562 1515 687 1573 loco
703 1515 759 1572 in
773 1515 868 1572 illa
891 1515 1280 1573 distributione
1295 1513 1536 1594 positum
1561 1525 1668 1582 est,
1693 1524 1881 1569 utrum

149 1601 219 1659 ad
241 1601 351 1660 hoc
389 1624 528 1682 opus
558 1603 946 1660 tantummodo
981 1616 1231 1660 creatura
1260 1602 1494 1660 formata
1521 1601 1620 1672 sit,
1667 1600 1727 1657 in
1770 1619 1882 1679 qua

148 1694 299 1747 Deus
324 1690 467 1748 sicut
500 1704 634 1749 tunc
668 1691 974 1772 oportuisse
997 1690 1308 1766 judicavit,
1335 1688 1595 1747 humanis
1626 1685 1882 1745 ostende-

143 1791 296 1836 retur
328 1781 642 1860 aspectibus
679 1803 692 1838 :
729 1803 797 1838 an
829 1781 1022 1855 Angeli
1061 1781 1157 1860 qui
1190 1783 1308 1854 jam
1346 1792 1531 1848 erant,
1578 1777 1655 1835 ita
1692 1775 1882 1834 mitte-

143 1867 370 1938 bantur,
406 1882 467 1924 ut
490 1889 551 1925 ex
582 1889 815 1947 persona
850 1869 950 1926 Dei
977 1868 1361 1949 loquerentur,
1400 1879 1726 1925 assumentes
1756 1884 1884 1928 cor-

145 1954 391 2054 poralem
419 1957 655 2035 speciem
684 1956 752 2014 de
782 1970 1032 2015 creatura
1051 1979 1315 2056 corporea
1340 1956 1399 2014 in
1420 1959 1578 2013 usum
1601 1952 1886 2012 ministerii

145 2044 263 2111 sui3
311 2057 405 2101 aut
435 2044 618 2125 ipsum
657 2067 859 2126 corpus
896 2067 1087 2118 suum,
1128 2046 1219 2105 cui
1250 2067 1363 2103 non
1396 2043 1716 2102 subduntur
1741 2089 1756 2115 ,
1790 2041 1884 2099 sed

147 2131 437 2190 subditum
452 2147 669 2210 regunt,
692 2148 965 2192 mutantes
984 2148 1147 2222 atque
1171 2146 1436 2192 vertentes
1450 2155 1507 2190 m
1520 2131 1723 2213 species
1750 2151 1886 2211 quas

146 2218 379 2292 vellent,
428 2221 870 2280 accommodatas
900 2235 1060 2303 atque
1099 2235 1252 2303 aptas
1283 2220 1594 2280 actionibus
1622 2219 1774 2290 suis,
1805 2239 1887 2276 se-

147 2308 394 2367 cundum
415 2310 739 2368 attributam
771 2310 876 2368 sibi
895 2333 924 2368 a
947 2313 1202 2370 Creatore
1219 2309 1542 2392 potentiam.
1556 2309 1682 2380 Qua
1700 2328 1887 2389 quaes-

151 2396 313 2454 tionis
343 2410 528 2478 parte,
576 2411 848 2479 quantum
887 2399 1159 2458 Dominus
1205 2398 1450 2470 dederit,
1504 2409 1840 2478 pertractata
1866 2441 1882 2465 ,

149 2498 428 2565 postremo
458 2485 757 2544 videndum
777 2487 878 2545 erit
901 2487 959 2546 id
982 2487 1135 2570 quod
1152 2487 1559 2546 institueramus
1586 2485 1882 2567 inquirere,

158 2585 346 2631 utrum
369 2573 536 2632 Filius
557 2587 609 2632 et
638 2574 877 2655 Spiritus
893 2590 1112 2634 sanctus
1137 2589 1190 2639 et
1219 2589 1376 2634 antea
1402 2574 1768 2633 mittebantur
1796 2595 1811 2629 ε
1835 2584 1889 2630 et

153 2661 198 2718 si
220 2662 294 2718 ita
323 2675 431 2732 est,
476 2662 614 2742 quid
651 2664 795 2721 inter
822 2663 973 2724 illam
1012 2664 1318 2722 missionem
1352 2676 1406 2722 et
1446 2683 1567 2722 eam
1611 2682 1779 2742 quam
1823 2662 1882 2720 in

162 2749 458 2823 Evangelio
482 2749 708 2824 legimus
738 2751 902 2810 distet
921 2800 935 2822 ,
970 2775 1039 2810 an
1067 2753 1256 2811 missus
1285 2774 1399 2811 non
1450 2751 1519 2809 sit
1549 2749 1746 2830 aliquis
1801 2770 1888 2808 eo-

154 2858 304 2906 rum,
327 2858 456 2894 cum
483 2837 569 2896 vel
594 2839 763 2899 Filius
782 2839 960 2899 factus
988 2855 1066 2899 est
1092 2863 1150 2899 ex
1171 2842 1346 2899 Maria
1374 2839 1595 2916 Virgine
1615 2883 1629 2909 ,
1651 2836 1737 2896 vel
1765 2858 1896 2895 cum

158 2926 396 3004 Spiritus
432 2939 648 2985 sanctus
692 2929 893 2987 visibili
928 2930 1139 3011 specie,
1191 2930 1302 2989 sive
1335 2929 1394 2987 in
1438 2926 1737 3018 columba,
1779 2925 1890 2985 sive

158 3013 215 3071 in
239 3014 407 3089 igneis
423 3012 521 3070 lin«
507 3014 671 3088 guis
656 3018 932 3096 apparuit.

243 3102 307 3160 V.
360 3101 468 3160 Sed
493 3101 668 3162 fateor
689 3106 942 3166 excedere
965 3107 1105 3167 vires
1138 3104 1454 3164 intentionis
1490 3123 1626 3162 meae
1656 3148 1672 3174 ‚
1708 3114 1897 3159 utrum

162 3189 353 3266 Angeli
387 3204 637 3251 manente
667 3194 902 3275 spiritali
929 3196 1015 3255 sui
1050 3197 1299 3278 corporis
1330 3193 1598 3278 qualitate
1628 3212 1729 3272 per
1756 3189 1904 3248 hanc
