2144 3808
294 355 563 399 cornum
604 354 720 404 <mu
759 346 1046 405 minimo
1093 354 1429 397 aurai-tonuit
1472 359 1647 402 muse.
1739 342 1803 401 51

104 440 182 500 ait
206 439 492 505 Christus}
513 465 541 492 α
554 437 727 509 Nemo
747 449 826 505 est.
846 436 1024 502 bonus
1046 436 1148 499 nisi
1166 457 1308 496 unus
1321 437 1365 498 1.
1378 465 1404 490 υ
1431 440 1523 505 Sic
1539 462 1664 518 ergo
1682 465 1822 502 unus

108 542 190 592 est
225 529 369 586 Deus
390 573 405 601 ,
449 525 580 607 quia
610 545 751 584 unus
776 537 854 583 est
884 523 1339 605 incomparabilis
1361 571 1378 598 ,
1419 527 1546 607 quia
1579 550 1720 588 unus
1746 546 1824 590 est

105 619 397 680 immensus
418 663 432 687 ,
469 628 530 673 ut
543 618 660 691 jam
682 634 868 672 sumus
888 614 1186 694 prosecuti.

187 709 291 780 24⁰
334 732 360 758 <‹
388 706 513 763 Non
552 703 880 778 denegamus
926 701 1076 784 quod
1117 704 1285 762 Filius
1325 704 1518 782 diligat
1560 708 1776 766 Patrem
1807 757 1821 779 ,

105 817 231 856 cum
257 794 480 876 quando
505 807 560 852 et
579 794 846 873 scriptum
872 792 1099 868 legimus
1132 815 1146 850 ε
1181 794 1294 851 «Ut
1323 793 1564 853 sciathic
1588 797 1827 856 mundus

103 910 132 939 >2
161 884 290 966 quia
320 882 490 959 diligo
518 884 738 947 Patrem
759 927 774 950 ‚
808 893 864 941 et
885 881 1025 942 sicut
1046 881 1370 940 mandatum
1395 883 1534 941 mihi
1555 883 1706 943 dedit
1726 887 1829 944 Pa-

103 998 132 1034 »
159 985 268 1044 ter,
317 973 394 1030 sic
415 970 597 1029 faci02
619 995 634 1038 3
658 996 686 1026 >2
730 982 944 1031 constat
985 969 1186 1029 Filium
1214 983 1270 1029 et
1296 971 1450 1046 diligi
1486 985 1539 1029 et
1565 971 1786 1048 diligere
1810 1022 1824 1047 ‚

105 1073 159 1125 et
192 1059 515 1126 mandatum
558 1059 770 1131 Patris,
804 1071 867 1116 ut
892 1058 1008 1138 ipse
1050 1059 1267 1129 asserit,
1311 1059 1556 1139 implere.
1606 1062 1677 1118 Et
1703 1061 1826 1120 ideo

105 1169 279 1208 unum
319 1161 478 1219 sunt,
522 1146 825 1206 secundum
855 1145 1007 1226 quod
1032 1146 1107 1207 ait
1143 1169 1158 1205 ε
1195 1173 1221 1201 κ
1241 1149 1356 1224 Ego
1385 1161 1439 1206 et
1466 1150 1629 1210 Pater
1654 1171 1826 1208 unum

103 1263 132 1291 >2
161 1258 345 1302 sumus
361 1235 403 1296 ³.
429 1263 456 1290 >2
482 1237 623 1294 Nam
642 1236 702 1295 in
721 1255 784 1294 eo
809 1233 964 1314 quod
988 1233 1172 1293 dicit:
1207 1261 1231 1288 α
1248 1235 1361 1308 Qui
1381 1257 1468 1294 me
1492 1236 1662 1309 vidit,
1687 1237 1828 1297 vidit

103 1354 130 1383 >2
160 1339 214 1385 et
240 1325 496 1384 Pan-emh
523 1347 538 1383 ε
561 1351 588 1378 ›>
607 1338 754 1384 certa
782 1322 891 1389 fide
915 1322 1252 1381 credendum
1274 1338 1353 1397 est
1369 1371 1383 1396 ‚
1410 1325 1539 1405 quia
1561 1327 1658 1407 qui
1679 1325 1830 1386 videt

106 1416 305 1474 Filium
323 1460 339 1486 ,
365 1435 466 1494 per
490 1408 697 1470 vFilium
719 1412 868 1477 videt
903 1424 957 1468 et
984 1410 1238 1487 iutelligit
1260 1412 1495 1472 Patrem.
1520 1441 1545 1466 »

188 1505 294 1563 250
334 1528 362 1555 «
379 1504 617 1581 Propter
639 1500 872 1563 formam
893 1499 1061 1570 servi,
1091 1505 1350 1576 majorem
1378 1503 1597 1560 Patrem
1622 1503 1828 1582 profes-

103 1614 192 1652 sus
224 1614 277 1651 es
311 1613 325 1648 t
357 1589 508 1670 quod
534 1589 674 1654 mihi
703 1588 935 1646 nimium
959 1586 1188 1645 stultu-m
1220 1609 1328 1645 esse
1355 1589 1589 1650 videtur.
1618 1591 1831 1654 Scimus

103 1681 277 1752 enim,
310 1679 462 1759 quod
486 1691 539 1736 et
565 1677 680 1757 ipsc
706 1674 1015 1757 protulisti;
1051 1675 1112 1733 ln
1139 1673 1314 1733 forma
1344 1677 1483 1734 servi
1515 1678 1675 1735 etiam
1704 1698 1830 1735 eum

105 1768 321 1846 Angelis
344 1768 608 1826 minorem
642 1765 869 1827 facturn.
919 1765 1034 1823 Nec
1058 1763 1203 1822 enim
1230 1764 1358 1822 satis
1383 1765 1443 1822 in
1476 1765 1702 1841 gloriam
1732 1766 1831 1824 Dei

102 1857 359 1939 profusus
380 1878 434 1915 es
451 1903 465 1928 ‚
498 1856 595 1936 qui
620 1853 690 1912 ad
711 1853 943 1913 formam
972 1852 1111 1911 servi
1135 1856 1396 1928 majorem
1420 1854 1638 1913 Patrem
1661 1857 1830 1935 profi-

106 1945 247 2006 teris,
291 1944 378 2004 Ad
407 1944 639 2002 formam
671 1940 810 2006 servi
833 1954 886 1998 et
912 1940 1103 2016 Angeli
1125 1947 1353 2015 majores
1378 1956 1522 2001 sunt.
1550 1943 1664 2001 Nec
1684 1944 1830 2011 enim

104 2034 174 2093 ad
196 2034 304 2093 hoc
321 2034 466 2093 venit
498 2033 750 2091 Christus
770 2078 784 2104 ,
815 2044 877 2088 ut
896 2052 995 2090 nos
1021 2030 1311 2088 instrueret
1344 2031 1496 2111 quod
1519 2031 1584 2090 ad
1597 2032 1831 2094 formam

103 2125 240 2183 servi
266 2127 441 2198 major
471 2134 552 2180 est
579 2123 742 2184 Pater
778 2142 792 2177 :
826 2119 919 2178 sed
946 2118 1068 2177 ideo
1092 2119 1289 2177 veritas
1320 2119 1389 2177 ad
1413 2141 1509 2178 nos
1543 2121 1693 2179 venit
1718 2168 1732 2189 ‚
1769 2135 1831 2179 ut

75 2246 79 2253 ·
105 2212 294 2292 utique
322 2210 541 2271 doceret
569 2231 697 2280 noS‚
734 2222 896 2289 atque
923 2209 1214 2266 instrueret
1241 2254 1253 2276 ‚
1287 2207 1439 2286 quod
1481 2209 1644 2266 Pater
1690 2209 1827 2267 Filio

103 2305 279 2376 major
299 2313 408 2372 est,
435 2312 489 2357 et
513 2298 622 2356 hoc
656 2296 792 2356 Filio
813 2295 912 2378 qui
940 2316 1167 2371 magnus
1203 2307 1282 2352 est
1325 2296 1489 2355 Deus,
1539 2297 1652 2354 Nos
1683 2297 1827 2355 enim

6 2417 17 2447 .·
104 2388 181 2447 sic
202 2387 569 2463 glorificamus
593 2387 810 2446 Patrem
832 2430 846 2456 ‚
887 2396 954 2442 ut
993 2403 1192 2458 magno
1228 2384 1345 2440 Deo
1377 2387 1637 2458 majorem
1672 2383 1830 2442 illum

102 2477 484 2556 profiteamur,
524 2486 586 2532 ut
608 2473 716 2531 alto
738 2471 1113 2532 sublimiorem
1151 2470 1552 2530 annuntiemus.
1592 2468 1677 2530 An
1706 2493 1832 2531 vero

8 2605 19 2610 -
102 2565 202 2624 iste
221 2578 300 2623 est
322 2563 541 2623 debitus
563 2562 744 2621 honor
767 2560 904 2632 Dei,
933 2571 995 2616 ut
1019 2557 1195 2617 forma
1226 2557 1407 2617 servili
1428 2562 1604 2635 major
1621 2559 1690 2617 sit
1711 2561 1823 2617 Pa-

106 2666 208 2726 ter,
236 2667 299 2712 tu
314 2652 529 2714 videris,
554 2677 593 2725 »Ι

190 2743 293 2802 260
336 2768 364 2796 c<
387 2741 536 2800 Dicis
578 2737 730 2820 quod
774 2758 828 2796 se
870 2734 1138 2794 Divinitas
1174 2731 1427 2812 patribus
1460 2732 1696 2791 ostendit
1729 2756 1743 2792 ε
1777 2749 1830 2794 et
1857 2777 1866 2782 -

31 2887 39 2897 ,,
104 2830 275 2911 paulo
296 2843 419 2888 ante
441 2840 758 2910 prosecutus
778 2847 861 2897 eS‚
898 2822 1049 2905 quod
1079 2822 1268 2901 utique
1292 2820 1558 2880 Divinitas
1579 2822 1648 2879 sit
1678 2823 1827 2882 invi-

105 2919 296 2980 sibilis.
329 2918 582 2978 Ostendit
603 2938 657 2975 se
682 2936 806 2974 sane
824 2961 840 2985 ‚
871 2934 982 2972 non
1006 2913 1167 2969 Pater
1190 2909 1288 2990 qui
1307 2907 1594 2967 invisibilis
1616 2922 1694 2967 est
1719 2933 1732 2968 z
1761 2932 1828 2970 ne

16 3064 21 3069 .
106 3008 151 3067 si
190 3007 436 3067 dicamus
463 3006 684 3064 Patrem
719 3003 899 3064 visum
935 2999 1133 3070 fuisse,
1178 2996 1504 3078 Apostolum
1533 2996 1827 3059 reddamus

106 3098 448 3173 mendacem,
470 3094 568 3176 qui
587 3093 662 3152 ait
684 3115 699 3150 ι
722 3120 748 3146 «
767 3098 948 3169 Quem
965 3088 1105 3149 vidit
1126 3087 1414 3152 hominum
1438 3107 1598 3146 nemo
1613 3133 1628 3159 ‚
1650 3109 1828 3170 neque

167 3237 182 3265 ¹
207 3231 335 3278 Marc.
354 3247 399 3287 x,
427 3235 495 3276 18.
512 3227 609 3262 ...2
626 3231 746 3272 Joan.
768 3240 854 3277 xxv,
875 3228 942 3267 31.
960 3246 1019 3256 —
1039 3221 1059 3254 ³
1080 3223 1140 3265 Id.
1164 3237 1208 3279 x,
1237 3223 1303 3263 30.
1324 3245 1376 3254 --
1401 3219 1615 3271 ⁴1d.x1v,
1638 3228 1681 3275 9,

1609 3310 1665 3380 4.
