2144 3808
303 339 522 379 CONTRA
563 338 896 378 MAXIMINUM
941 336 1222 392 ARIANUM‚
1272 341 1383 380 LlB.
1437 342 1502 382 ΙΙ.
1673 326 1781 384 125

62 445 89 472 »
107 432 232 478 sunt
250 445 265 488 ;
284 447 311 473 >³
330 420 452 478 ideo
471 432 630 499 putas
646 417 747 475 Dei
762 418 1030 498 Spiritum
1050 440 1162 476 non
1179 440 1287 477 esse
1303 433 1598 478 creatorem
1618 445 1631 479 :
1656 443 1784 502 pro-

62 506 154 565 cul
181 507 354 566 dubio
377 552 392 578 ,
425 526 526 564 nec
547 506 604 563 in
626 509 742 580 ejus
765 505 987 563 nomine
1011 506 1216 586 poteris
1244 506 1552 587 baptizatos
1580 507 1780 582 dicere,

61 595 264 674 quibus
300 596 375 653 ait
412 595 605 651 Petrus
635 615 648 650 ε
698 620 724 646 «
750 594 907 669 Agite
945 595 1358 674 poenitentiam,
1399 608 1453 653 et
1481 596 1789 676 baptizetur

60 707 87 734 >2
114 683 482 763 unusquisque
499 694 738 741 vestrum
756 681 814 738 in
837 681 1057 739 nomine
1081 683 1302 740 Domini
1318 684 1352 739 J
1354 704 1447 740 esu
1468 683 1734 752 Christi13
1756 711 1782 738 >)

54 770 182 849 quia
205 791 317 828 non
349 771 457 842 ait,
493 783 546 828 et
567 768 803 849 Spiritus
832 769 1005 827 sancti
1034 791 1048 826 z
1076 790 1176 828 nec
1206 770 1266 829 in
1304 770 1485 828 Patris
1514 772 1735 830 nomine
1756 819 1772 844 ,

62 860 190 938 quia
219 880 316 916 nec
341 859 458 939 ipse
481 858 562 916 ibi
582 871 662 916 est
688 857 1020 917 nominatus,
1055 858 1114 915 Si
1145 871 1326 916 autem
1353 859 1517 917 etiam
1541 881 1651 918 non
1681 882 1788 918 no-

59 947 278 1005 minatis
306 953 464 1006 Patre
492 959 546 1005 et
575 947 787 1028 Spiritu
826 959 1045 1018 sanct0,
1078 947 1135 1004 in
1165 947 1386 1005 nomine
1423 952 1550 1007 Jesu
1583 949 1795 1015 Christi

54 1036 191 1110 jussi
219 1049 345 1094 sunt
366 1036 669 1115 baptizari3
696 1048 750 1093 et
776 1049 959 1094 tamen
987 1034 1367 1112 intelliguntur
1387 1058 1500 1095 non
1523 1037 1792 1117 baptizati

60 1123 163 1180 nisi
187 1123 244 1180 in
267 1123 484 1181 nomine
509 1124 687 1181 Patris
707 1136 759 1181 et
789 1123 913 1181 Filii
946 1136 998 1181 et
1030 1124 1269 1203 Spiritus
1303 1125 1476 1183 sancti
1505 1147 1519 1182 ε
1556 1146 1657 1184 cur
1682 1147 1794 1184 non

61 1212 137 1270 sic
155 1211 310 1270 audis
330 1212 398 1270 de
414 1211 550 1270 Filio
567 1213 668 1270 Dei
689 1235 703 1269 ι
727 1240 752 1266 c<
774 1213 978 1270 Omnia
996 1235 1096 1292 per
1116 1214 1297 1293 ipsum
1314 1214 1461 1272 facta
1482 1216 1667 1284 sunt‘-';
1684 1242 1711 1268 ))
1733 1228 1796 1274 ut

62 1313 115 1357 et
142 1322 253 1358 non
273 1300 617 1358 nominatum
639 1300 905 1376 intelligas
921 1301 1003 1358 ibi
1024 1302 1188 1359 etiam
1214 1302 1484 1382 Spiritum
1503 1307 1791 1361 sanctum?

146 1402 209 1445 2⁰
251 1389 391 1446 Nam
425 1388 563 1468 quid
596 1387 940 1445 excellentius
970 1388 1028 1445 in
1066 1390 1324 1446 creaturis
1356 1411 1523 1469 quam
1555 1389 1794 1449 Virtutes

63 1475 366 1534 coelorum?
391 1477 675 1557 Scriptum
698 1488 777 1533 est
797 1488 975 1534 autem
1002 1498 1015 1532 ε
1043 1502 1070 1529 «
1093 1476 1276 1534 Verbo
1300 1477 1526 1549 Domini
1556 1477 1687 1536 coeli
1706 1479 1799 1535 fir-

63 1591 90 1618 »
113 1564 247 1622 mati
273 1577 398 1622 sunt
416 1611 431 1636 ,
469 1578 522 1622 et
549 1563 763 1644 Spiritu
794 1564 903 1621 oris
932 1568 1046 1638 ejus
1081 1565 1258 1622 omnis
1287 1565 1461 1625 virtus
1493 1565 1735 1626 eorumss.
1763 1592 1799 1629 >2

64 1651 284 1710 Dixeras
310 1672 506 1731 nempe
529 1673 641 1709 non
662 1672 748 1708 me
765 1650 896 1708 talia
919 1651 1155 1730 reperire
1172 1652 1230 1711 in
1253 1651 1553 1732 Scripturis
1575 1652 1797 1725 divinis,

65 1739 269 1819 quibus
300 1739 571 1818 Spiritum
598 1751 850 1796 sanctum
889 1738 1157 1817 aequalem
1189 1759 1417 1797 asseram
1459 1738 1614 1799 Filio.
1656 1742 1801 1798 Ecce

63 1827 241 1907 reperi
273 1827 370 1884 ubi
389 1828 552 1885 etiam
582 1830 757 1902 major
779 1826 955 1906 possit
983 1824 1193 1897 videri,
1226 1826 1331 1884 nisi
1359 1839 1578 1886 revocet
1600 1827 1796 1907 pietaS,

64 1935 192 1995 quae
212 1913 370 1972 illum
390 1915 653 1974 veraciter
675 1915 973 1972 confitetur
998 1913 1286 1994 aequalem.
1315 1914 1458 1972 Nam
1478 1914 1671 1995 utique
1692 1937 1809 1973 ma-

59 2007 151 2078 jus
181 2000 389 2083 aliquid
435 1995 561 2061 sunt
601 2003 839 2061 Virtutes
886 2002 1155 2062 coelorum
1178 2049 1193 2075 ,
1233 2024 1360 2083 quae
1401 2004 1635 2063 firmatae
1673 2018 1803 2063 sunt

65 2090 278 2170 Spiritu
307 2091 415 2149 oris
451 2091 707 2162 Domini,
739 2091 798 2149 id
827 2105 934 2163 est,
969 2092 1182 2171 Spiritu
1217 2105 1405 2150 sancto
1429 2139 1444 2164 ,
1477 2114 1645 2173 quam
1671 2093 1802 2151 coeli

66 2180 163 2259 qui
194 2180 397 2238 firmati
418 2194 542 2239 sunt
566 2180 749 2240 Verbo
780 2180 1036 2251 Domini,
1066 2181 1177 2238 hoc
1199 2192 1306 2251 est,
1333 2181 1611 2256 unigenito
1636 2180 1793 2239 Filio.

69 2267 176 2324 Sed
199 2268 244 2326 si
265 2268 513 2327 consulas
528 2268 817 2328 «veritatem
837 2314 852 2339 ,
877 2288 961 2325 res
982 2280 1214 2348 utraque
1236 2268 1305 2325 ab
1329 2281 1561 2349 utroque
1585 2268 1802 2326 firmata

67 2368 146 2413 est
173 2377 187 2412 ι
218 2369 271 2413 et
297 2356 356 2414 id
384 2356 535 2436 quod
565 2356 633 2413 de
671 2377 781 2414 uno
812 2355 1016 2414 dicitur
1059 2369 1112 2414 et
1142 2355 1210 2413 de
1246 2355 1414 2414 altero
1453 2369 1694 2428 tacetur,
1734 2354 1802 2413 de

0 2446 3 2452 ’
69 2457 303 2523 utroque
352 2444 697 2519 intelligitur.
752 2443 906 2515 Quid
949 2457 1028 2501 est
1079 2458 1259 2503 autem
1306 2444 1765 2503 inconsideratius
1781 2489 1797 2515 ,

67 2552 233 2612 quam
263 2553 456 2608 negare
480 2553 588 2590 esse
614 2545 911 2590 creatorem
939 2531 1212 2611 Spiritum
1237 2533 1374 2604 Dei,
1410 2554 1539 2591 cum
1563 2532 1803 2591 Domino

69 2619 328 2677 dicatur:
369 2645 395 2673 ε(
422 2619 644 2677 Auferes
681 2619 936 2699 spiritum
975 2640 1163 2677 eorum
1189 2665 1204 2689 ,
1248 2633 1301 2676 et
1337 2619 1628 2691 deficient,
1664 2632 1718 2676 et
1745 2619 1804 2676 in

70 2732 98 2759 »
126 2707 405 2786 pulverem
432 2728 591 2764 suum
613 2720 1001 2787 convertentur
1027 2730 1041 2764 :
1070 2707 1299 2765 Emittes
1321 2708 1590 2787 Spiritum
1617 2720 1798 2776 tuum,

71 2820 99 2848 2>
129 2807 182 2852 et
203 2794 558 2866 creabuntur,
585 2808 639 2852 et
660 2795 948 2855 innovabis
968 2794 1164 2853 faciem
1195 2794 1439 2854 terrae4?
1472 2819 1498 2845 >³
1521 2794 1638 2853 Nisi
1665 2792 1804 2875 forte

71 2882 251 2940 minus
279 2881 505 2940 idoneus
545 2896 657 2940 erat
689 2882 928 2962 Spiritus
969 2895 1187 2941 sanctus
1213 2882 1460 2941 creandis
1485 2883 1648 2941 rebus
1677 2902 1804 2962 quae

69 2969 287 3028 fuerant
331 2969 624 3030 defecturae
647 3016 662 3042 ,
706 2990 834 3028 cum
873 2970 940 3028 sit
977 2970 1205 3028 idoneus
1239 2971 1487 3030 creandis
1526 2992 1650 3051 quae
1679 2983 1806 3051 sunt

74 3060 186 3117 sine
217 3059 326 3116 fine
350 3078 638 3117 mansurae.
664 3057 839 3116 Paulo
870 3072 991 3116 ante
1027 3058 1158 3131 dixi,
1187 3059 1337 3131 Quid
1357 3073 1435 3118 est
1462 3058 1807 3118 excellentius

73 3147 131 3205 in
179 3147 439 3206 creaturis
482 3168 649 3227 quam
688 3145 930 3221 Virtutes
960 3147 1274 3207 coelorum?
1317 3148 1470 3220 Quid
1516 3148 1698 3207 dicam
1735 3146 1805 3204 de

136 3241 264 3295 ¹Act.
285 3264 336 3306 ιι,
367 3251 438 3296 38.
458 3271 513 3282 ·-—
536 3248 556 3281 2
573 3253 696 3294 Joan.
720 3261 747 3307 1,
771 3250 809 3293 3.
832 3271 888 3280 -
905 3245 925 3280 3
941 3251 1040 3293 Psal.
1058 3264 1197 3303 xxnr,
1218 3253 1260 3296 6.
1282 3274 1336 3284 --
1355 3249 1373 3284 ⁴
1391 3253 1496 3297 Psnl.
1528 3263 1620 3308 cut,
1644 3264 1713 3303 29,
1733 3252 1803 3293 30.
