2144 3808
286 286 406 343 360
768 335 772 339 .
822 308 867 345 s.
900 305 1228 346 vxuefus'nm
1272 305 1528 345 EPISCOPI

283 385 523 465 Spiritus
550 399 801 456 sanctus3
820 401 873 446 et
890 387 932 445 si
953 387 1248 467 aequali8‚
1233 409 1295 445 m
1319 388 1577 446 omnibus
1599 388 1823 468 aequalis
1845 410 2091 472 prop-

276 488 363 532 ter
389 495 661 534 summam
678 476 1097 557 simplicitatem
1122 497 1248 557 quae
1287 477 1346 534 in
1367 476 1461 535 illa
1491 477 1795 534 substantia
1821 491 1917 536 est.
1955 481 2023 539 Et

276 561 405 621 ideo
437 584 551 621 non
562 564 837 644 amplius
844 585 1010 644 quam
1037 565 1144 623 tria
1171 577 1319 635 sunt,
1351 585 1493 623 unus
1514 564 1742 641 diligens
1770 586 1895 624 eum
1925 569 2083 648 qui

279 649 352 710 de
375 650 471 709 illo
491 665 592 722 est,
625 666 679 709 et
706 652 1092 729 unus'diligens
1112 674 1240 711 eum
1271 652 1339 710 cle
1363 673 1473 733 quo
1502 666 1603 724 est,
1637 666 1690 711 et
1715 653 1835 734 ipsa
1857 654 2024 714 dilec-

2080 315 2144 394 Ἣ

273 740 380 799 tio.
419 739 561 812 Quae
591 743 636 799 si
657 741 802 800 nihil
827 761 929 814 est,
956 740 1236 822 quomodo
1263 768 1290 795 c<
1320 743 1468 800 Deus
1484 741 1704 800 dilectio
1721 755 1800 800 est
1825 741 1888 801 1?
1915 770 1942 798 >2
1966 745 2025 803 Si
2085 612 2142 826 ῘΛ

280 849 396 888 non
423 842 503 887 est
531 830 857 898 substantia,
891 830 1173 912 quomodo
1202 833 1349 888 Deus
1378 830 1831 890 substantiaestp
1904 874 1907 876 ,
1939 839 1941 841 ’

365 917 502 976 VIII
527 919 586 977 Si
603 933 784 979 autem
806 921 1085 1000 quaeritur'
1096 919 1379 1000 quomodo
1405 919 1633 1000 simplex
1657 932 1710 978 et
1741 919 2031 1002 multiplex
2073 926 2102 986 ¹‚i
2118 903 2142 958 7³-

283 1007 356 1065 sit
383 1006 481 1064 illa
513 1009 852 1067 substantia:
911 1007 1395 1066 animadvertenda
1442 1021 1521 1065 est
1566 1008 1749 1087 primo
1782 1022 2033 1067 creatura
2138 1026 2143 1030 ·

278 1116 453 1176 quare
476 1096 545 1153 sit
575 1096 885 1176 multiplex,
916 1096 1071 1154 nullo
1094 1108 1276 1153 autem
1313 1095 1501 1173 modo⁸
1516 1116 1639 1154 vere
1676 1097 1919 1176 simplex.
1962 1095 2033 1156 Et
2074 1121 2087 1181 j

285 1184 441 1262 prius
458 1204 662 1264 corpus
680 1185 997 1244 universum
1016 1183 1205 1265 utique
1229 1183 1485 1263 partibus
1514 1196 1757 1252 constat3
1781 1184 1858 1242 ita
1880 1198 1942 1244 ut
1966 1186 2034 1245 sit
2087 1248 2090 1250 ,

283 1272 370 1331 ibi
393 1272 496 1331 alia
537 1295 664 1354 pars
687 1278 886 1350 major,
935 1273 1040 1331 alia
1070 1274 1272 1345 minor,
1305 1286 1359 1330 et
1396 1278 1573 1349 majus
1613 1273 1683 1331 sit
1718 1271 2033 1333 universum

283 1381 457 1442 quam
481 1383 608 1442 pars
636 1362 902 1444 quaelibet
944 1375 1038 1420 aut
1068 1361 1431 1442 quantalibet.
1469 1361 1613 1419 Nam
1661 1373 1716 1419 et
1743 1361 1951 1420 coelum
1981 1377 2036 1422 et
2115 1370 2126 1417 ί

293 1463 438 1508 terra
465 1465 648 1531 partes
669 1464 799 1509 sunt
821 1450 1086 1510 universae
1108 1450 1406 1509 mundanae
1429 1448 1589 1507 molis
1613 1471 1628 1506 ε
1652 1463 1707 1507 et
1729 1449 1843 1508 sola
1864 1463 2029 1523 terra,
2067 1468 2078 1515 s
2117 1453 2124 1457 ’

292 1552 348 1597 et
377 1538 555 1598 solum
583 1539 792 1599 coelum
818 1538 1314 1598 innumerabilibus
1342 1538 1612 1619 partibus*
1635 1552 1869 1610 constat,
1893 1552 1947 1597 et
1974 1539 2036 1598 in
2071 1556 2083 1616 j
2112 1610 2115 1611 ⁷

295 1628 456 1686 tertia
484 1629 568 1688 sui
594 1642 754 1709 parte
803 1629 984 1687 minor
1004 1641 1083 1686 est
1111 1649 1278 1708 quam
1319 1628 1378 1685 in
1405 1641 1622 1700 caetera,
1656 1641 1710 1686 et
1729 1629 1787 1686 in
1807 1626 2038 1688 dimidia
2105 1650 2122 1697 j

296 1717 479 1775 minor
505 1739 674 1799 quam
696 1718 756 1776 in
783 1731 934 1787 tota3
970 1731 1024 1776 et
1047 1731 1224 1776 totum
1253 1717 1448 1777 mundi
1481 1739 1682 1799 corpus
1707 1718 1860 1799 quod
1889 1718 2036 1777 dua—
2081 1775 2089 1782 t

297 1805 405 1864 bus
442 1805 770 1887 plerumque
828 1807 1083 1888 partibus
1113 1806 1379 1888 appellari
1404 1806 1560 1878 solet,
1597 1807 1656 1866 id
1683 1820 1785 1880 est,
1832 1808 2038 1867 coelum

290 1907 346 1951 et
371 1906 536 1964 terra,
564 1894 754 1974 utique
794 1900 971 1971 majus
1008 1909 1086 1953 est
1124 1916 1292 1976 quam
1338 1895 1516 1954 solum
1546 1895 1878 1954 coelumaut
1909 1896 2038 1955 'sola

298 1995 460 2042 terra.
496 1985 570 2042 Et
599 1984 659 2042 in
707 2005 1047 2065 unoquoque
1087 2005 1318 2064 corpore
1357 1983 1509 2042 aliud
1564 1998 1643 2043 est
1685 1985 2033 2061 magnitudO,
2085 2025 2087 2027 ·

302 2072 455 2132 aliud
487 2073 659 2145 color,
694 2072 847 2132 aliud
877 2074 1070 2149 figura.
1106 2078 1293 2132 Potest
1319 2073 1459 2131 enim
1504 2086 1557 2131 et
1581 2072 1852 2133 diminuta
1880 2095 2039 2151 mag-
2099 2109 2102 2114 ·

291 2162 556 2222 ⁴nitudine
584 2183 802 2222 manere
835 2162 984 2238 idem
1022 2161 1176 2221 color
1212 2176 1265 2221 et
1306 2162 1494 2247 eadem
1522 2164 1697 2240 figura
1722 2210 1737 2234 ‚
1769 2177 1823 2222 et
1859 2164 2040 2223 colore

302 2265 517 2310 mutato
548 2250 771 2310 manere
788 2250 977 2310 eadem
1005 2253 1181 2328 figura
1212 2265 1266 2310 et
1284 2251 1476 2310 eadem
1503 2252 1851 2328 magnitudo,
1885 2266 1938 2311 et
1967 2253 2040 2311 fi-

303 2361 438 2416 gura
467 2339 657 2398 eadem
700 2361 815 2398 non
843 2353 1099 2399 manente
1146 2353 1258 2398 tam
1282 2359 1543 2416 magnum
1575 2361 1684 2398 esse
1705 2354 1758 2399 et
1786 2362 1850 2399 eo
1873 2340 2038 2399 modo

303 2428 607 2488 coloratum
630 2450 645 2487 ε
666 2442 720 2487 et
738 2450 1107 2510 quaecumque
1129 2429 1233 2488 alia
1253 2428 1413 2487 simul
1431 2429 1695 2488 dicuntur
1712 2429 1781 2488 de
1807 2451 2040 2512 corpore

301 2531 536 2598 possunt
562 2531 616 2576 et
631 2517 869 2576 simulet
902 2518 1066 2599 plura
1089 2519 1203 2577 sine
1226 2518 1435 2578 caeteris
1459 2520 1810 2578 commutari.
1840 2520 1920 2578 Ac
1940 2540 2042 2599 per

287 2605 417 2665 ‘hoc
444 2605 733 2687 multiplex
777 2628 887 2666 esse
912 2607 1263 2667 convincitur
1289 2619 1487 2667 natura
1513 2607 1783 2687 eorporiS,
1815 2607 2041 2689 simplex

303 2710 492 2755 autem
529 2695 684 2755 nullo
720 2697 906 2757 modo,
940 2699 1204 2757 Creatura
1240 2718 1460 2778 quoque
1488 2697 1746 2777 spiritalis
1795 2697 1939 2755 sicut
1965 2712 2042 2756 est

304 2786 512 2858 anima,
549 2797 628 2844 est
655 2786 922 2867 quidem
906 2809 965 2846 m
995 2788 1239 2868 corporis
1265 2787 1672 2885 comparatione
1705 2786 2036 2888 simplicior·

304 2875 422 2932 *sine
470 2875 880 2956 comparatione
928 2890 1111 2935 autem
1152 2876 1398 2957 eorporis
1428 2875 1712 2958 multiplex
1744 2890 1845 2948 est,
1877 2875 2039 2935 etiam

310 2958 429 3044 5psa
461 2986 574 3023 non
602 2965 847 3045 simplex.
882 2967 1026 3025 Nam
1052 2965 1191 3025 ideo
1199 2965 1509 3069 'simplicior
1537 2980 1615 3025 est
1638 2987 1889 3056 corpore,
1908 2967 2039 3047 quia
2125 2989 2130 2994 ’

304 3074 419 3111 non
442 3053 586 3111 mole
606 3053 939 3114 diffunditur
967 3077 1066 3136 per
1081 3058 1323 3137 spatium
1350 3056 1481 3123 1οεί
1508 3056 1635 3114 secl
1621 3078 1677 3114 m
1706 3076 2039 3137 unoquoque

303 3155 554 3215 corpore,
582 3134 709 3192 etin
745 3148 859 3195 toto
886 3149 999 3196 tota
1045 3150 1144 3211 est,
1171 3151 1303 3197 etin
1327 3138 1573 3220 qualibet
1604 3142 1721 3216 ejus
1749 3150 1906 3219 parte
1930 3150 2040 3197 toti

370 3244 747 3295 ¹1Joan.1v,16.
