2144 3808
602 335 673 376 DE
716 332 1036 386 TRlNITATE,
1084 334 1192 375 LIB.
1244 335 1319 376 iv.
1715 322 1833 405 319
1890 400 1893 403 ι

115 420 272 486 factis
296 420 459 480 fidem
481 418 770 490 facientes,
803 416 1186 480 auctoritatem
1214 415 1306 475 cui
1337 416 1405 476 de
1440 417 1598 498 longe
1634 422 1836 487 futuris

116 531 287 597 usque
313 512 372 571 in
409 507 596 569 saeculi
636 508 802 566 finem
849 505 1194 578 crederetur,
1240 505 1446 579 habere
1493 529 1826 577 meruerunt.

116 601 414 668 Potestates
446 609 625 657 autem
653 600 828 654 aereae
850 595 1107 696 superbae
1135 607 1296 676 atque
1314 593 1569 673 fallaces,
1604 601 1769 666 etiam
1794 605 1839 664 si

114 688 370 770 quaedam
386 687 455 753 de
474 686 728 747 societate
747 698 801 744 et
823 685 1040 760 civitate
1061 697 1376 763 sanctorum
1399 700 1453 745 et
1479 687 1546 751 de
1574 709 1702 762 vero
1722 693 1835 753 Me-

115 778 323 852 diatore
347 800 379 838 a
412 776 610 839 sanctis
636 774 932 856 Prophetis
966 773 1054 836 Vel
1101 774 1320 853 Angelis
1358 776 1545 851 audita
1573 801 1677 860 per
1710 802 1836 842 suos

114 882 262 933 vates
286 867 475 928 dixisse
496 864 874 947 reperiuntur,
917 863 977 926 id
1016 878 1272 941 egerunt,
1303 879 1365 924 ut
1389 888 1491 947 per
1518 868 1644 936 haec
1666 871 1840 932 aliena

114 979 241 1023 vera
263 957 425 1016 etiam
457 954 645 1036 fideles
678 952 814 1026 Dei,
852 951 895 1010 si
925 967 1145 1034 possent
1164 1000 1178 1025 ,
1205 952 1274 1012 ad
1303 972 1399 1033 sua
1425 954 1560 1016 falsa
1581 959 1841 1029 traduce...

114 1060 251 1109 rent.
277 1047 424 1105 Deus
443 1058 624 1104 autem
644 1065 743 1125 per
762 1043 1056 1108 nescientes
1074 1043 1132 1108 id
1146 1045 1255 1121 egit
1267 1092 1280 1116 ,
1303 1058 1365 1104 ut
1382 1046 1578 1118 veritas
1597 1048 1841 1130 undique

113 1147 409 1208 resonaret,
427 1133 683 1193 fidelibus
698 1133 756 1192 in
770 1131 1127 1208 adjutorium,
1154 1134 1339 1214 impiis
1358 1134 1417 1194 in
1438 1137 1830 1207 testimonium.

190 1224 396 1286 XXIV.
451 1223 598 1295 Quia
625 1222 795 1300 igitur
828 1220 899 1279 ad
923 1234 1126 1281 aeterna
1154 1222 1485 1303 capessenda
1512 1225 1696 1293 idonei
1730 1249 1843 1287 non

111 1334 345 1387 eramuS,
374 1311 664 1392 sordesque
685 1323 1041 1392 peccatorum
1062 1332 1161 1372 nos
1177 1315 1603 1392 praegravabant
1630 1329 1842 1398 tempo-

111 1403 312 1462 raliu‘m
344 1423 527 1461 rerum
561 1422 743 1460 amore
764 1413 1094 1473 contractae,
1137 1414 1192 1459 et
1216 1401 1284 1467 de
1309 1404 1615 1484 propagine
1641 1419 1843 1473 morta-

112 1492 281 1552 litatis
311 1506 577 1573 tanquam
605 1489 933 1550 naturaliter
982 1489 1190 1551 inolitae
1213 1537 1228 1563 ,
1287 1493 1564 1571 purgandi
1606 1515 1838 1564 eramus,

114 1582 343 1660 Purgari
361 1594 543 1641 autem
563 1593 626 1639 ut
648 1593 1189 1661 contemperaremur
1212 1581 1450 1653 aeternis,
1480 1604 1593 1654 non
1616 1584 1720 1647 nisi
1745 1606 1847 1665 per

115 1670 442 1752 temporalia
459 1690 765 1752 possemUS,
786 1668 1049 1750 qualibus
1071 1672 1189 1745 jam
1219 1672 1617 1751 contemperati
1630 1673 1850 1737 teneba-

115 1781 258 1819 mur.
294 1761 507 1821 Sanitas
534 1759 679 1817 enim
707 1781 735 1816 a
757 1757 954 1823 morbo
980 1756 1284 1838 plurimum
1309 1757 1474 1817 distat
1508 1782 1522 1819 ε
1547 1760 1641 1820 sed
1667 1760 1849 1829 media

117 1850 330 1926 curatio
355 1896 370 1922 ,
402 1849 507 1908 nisi
526 1848 723 1908 morbo
762 1860 1064 1924 congruat,
1102 1867 1215 1906 non
1255 1847 1513 1928 perducit
1550 1850 1620 1908 ad
1643 1851 1848 1918 sanita-

119 1951 246 2002 tem.
292 1936 518 1997 Inutilia
546 1935 871 2017 temporalia
901 1934 1191 2016 decipiunt
1214 1949 1446 2012 aegrotos
1469 1984 1485 2011 ,
1523 1938 1678 1998 utilia
1704 1953 1849 2009 tem..

117 2027 328 2108 poralia
350 2020 659 2107 suscipiunt
685 2023 955 2084 sanandos
976 2070 993 2096 ,
1032 2037 1085 2082 et
1118 2025 1400 2102 trajiciunt
1435 2026 1505 2090 ad
1534 2041 1736 2094 aeterna
1765 2049 1850 2097 sa·

118 2130 293 2178 natOS.
325 2121 482 2176 Mens
505 2128 687 2174 autem
711 2113 992 2174 rationalis
1012 2113 1154 2173 sicut
1175 2129 1412 2195 purgata
1435 2118 1851 2198 contemplatio-

119 2228 245 2266 nem
267 2205 432 2264 debet
476 2205 641 2265 rebus
685 2203 938 2275 aeternis}
995 2204 1072 2262 sic
1114 2205 1406 2284 purganda
1452 2208 1851 2288 temporalibus

121 2295 304 2356 fidem.
336 2294 486 2354 Dixit
508 2294 739 2376 quidam
768 2306 823 2351 et
840 2290 1064 2351 illorum
1086 2293 1183 2372 qui
1205 2293 1488 2374 quondam
1515 2296 1665 2377 apud
1690 2297 1853 2361 Grae-

122 2405 214 2443 cos
228 2383 498 2464 sapientes
524 2378 709 2440 hab‘iti
739 2394 866 2439 sunt
897 2403 912 2438 t
950 2380 1235 2452 Quantum
1275 2382 1346 2441 ad
1386 2383 1445 2447 id
1479 2384 1632 2466 quod
1668 2398 1851 2449 ortum

124 2487 201 2534 est
233 2473 503 2537 aeternitas
530 2471 674 2533 valet
692 2518 707 2543 ,
742 2484 956 2530 tantum
979 2470 1047 2528 ad
1076 2470 1242 2536 fidem
1269 2472 1481 2537 veritas,
1516 2475 1586 2532 Et
1604 2475 1851 2556 profecto

122 2576 201 2622 est
243 2581 371 2622 vera
393 2561 676 2620 sententia.
732 2559 899 2632 Quod
944 2559 1090 2626 enim
1115 2582 1212 2619 nos
1253 2562 1554 2642 temporale
1585 2563 1844 2635 dicimuS,

123 2652 236 2711 boc
256 2650 347 2710 ille
365 2649 519 2732 quod
545 2661 728 2708 ortum
756 2662 835 2707 est
866 2647 1182 2729 appellavit.
1221 2650 1300 2711 Ex
1322 2671 1434 2731 quo
1467 2673 1658 2727 genere
1688 2653 1852 2713 etiam

126 2763 226 2800 nos
255 2761 474 2812 summ,
505 2761 616 2799 non
642 2751 854 2798 tantum
878 2738 1181 2803 secundum
1210 2761 1442 2821 corpm,
1473 2741 1564 2800 secl
1590 2744 1754 2802 etiam
1775 2764 1853 2801 se-

57 2835 85 2839 ’“
128 2829 376 2897 cundum
403 2828 571 2888 animi
599 2828 1043 2893 mutabilitatem.
1063 2830 1189 2888 Non
1212 2829 1357 2889 enim
1381 2832 1605 2911 proprie
1628 2844 1857 2892 vocatur

132 2932 432 2990 aeternum,
470 2916 623 2998 quod
649 2917 832 2998 aliqua
871 2939 932 2976 ex
976 2930 1133 2997 parte
1167 2931 1431 2978 mutatur,
1486 2922 1551 2978 In
1585 2933 1856 3001 quantum

129 3008 297 3086 igitur
312 3005 600 3065 mutabiles
618 3025 828 3074 sumus,
850 3005 1136 3069 intantum
1154 3007 1223 3064 ab
1242 3007 1545 3066 aeternitate
1561 3008 1845 3067 distamus,

133 3097 480 3157 Promittitur
516 3106 696 3153 autem
731 3094 891 3154 nobis
931 3095 1046 3156 vita
1077 3108 1282 3154 aeterna
1320 3118 1421 3176 per
1458 3097 1745 3157 veritatem
1769 3144 1784 3171 ,
1829 3118 1860 3154 a

135 3191 292 3262 cujus
331 3183 722 3264 perspicuitate
758 3203 945 3242 rursus
993 3196 1209 3244 tantum
1256 3184 1424 3243 distat
1463 3186 1596 3244 fides
1634 3199 1817 3245 nostra
1841 3229 1856 3256 ,

137 3287 407 3354 quantum
432 3272 503 3331 ab
526 3270 826 3330 aeternitate
843 3271 1161 3334 mortalitaS.
1194 3274 1360 3334 Nunc
1381 3294 1508 3352 crgo
1533 3274 1863 3333 adhibemus
