2144 3808
386 328 605 370 CONTRA
647 327 982 368 MAXIMINUM
1025 328 1307 381 ARIANUM‚
1356 331 1466 370 Lm.
1520 331 1561 372 1.
1778 313 1851 393 73

131 414 365 472 tizentur
393 413 450 470 in
481 411 701 470 Christo
737 433 750 467 ε
782 410 891 468 hoc
915 423 968 468 et
996 431 1094 468 nos
1128 409 1379 468 dicimus.
1427 410 1534 469 Sed
1564 432 1726 492 quem
1760 412 1851 471 di-

131 504 306 561 cimus
328 501 487 560 talem
521 520 583 558 ac
612 512 822 557 tantum
847 545 862 571 ‚
915 498 1056 556 absit
1097 520 1126 556 a
1155 499 1316 555 nobis
1347 511 1408 556 ut
1436 519 1559 556 eum
1597 521 1853 575 negemus

130 594 308 651 Deum
341 613 355 648 :
387 589 538 671 quod
567 589 732 646 etiam
762 610 861 669 per
892 609 1050 645 suum
1082 587 1345 668 templum
1367 635 1380 657 ‚
1428 587 1579 668 quod
1612 609 1708 645 nos
1749 590 1852 668 ipsi

131 700 350 750 sumuS‚
393 679 647 737 citissime
693 691 745 736 et
786 676 944 756 facile
969 676 1288 735 ostenditur.
1345 677 1534 757 Neque
1581 676 1724 733 enim
1754 677 1856 734 nisi

131 769 275 826 Deus
296 781 478 826 noster
507 781 640 826 esset
666 814 680 839 ,
714 765 982 846 templum
1006 786 1103 822 nos
1136 765 1282 845 ipsos
1308 765 1514 823 habere
1548 765 1812 845 potuisset
1836 786 1849 821 ε

131 855 282 936 quod
308 869 364 914 tu
382 870 441 913 ut
465 857 784 926 occultareS‚
807 867 859 912 et
880 854 936 911 in
961 875 1203 911 sermone
1218 866 1314 911 tuo
1340 866 1542 911 mentes
1564 853 1854 911 hominum

132 967 162 1002 a
188 943 309 1001 luce
352 944 591 1003 veritatis
635 957 925 1012 avertereS‚
978 940 1045 998 de
1074 941 1282 1021 templo
1324 941 1424 998 Dei
1466 940 1855 1021 quodcumque

131 1030 342 1098 dixisti,
390 1053 552 1112 quem
598 1030 822 1089 noluisti
865 1029 1098 1104 intelligi
1143 1028 1414 1109 Spiritum
1451 1041 1699 1086 sanctum
1726 1052 1740 1096 ;
1789 1027 1856 1085 dc

131 1120 337 1199 templo
368 1134 548 1178 autem
573 1119 812 1200 Spiritus
834 1118 1008 1176 sancti
1029 1164 1043 1189 ‚
1080 1117 1231 1198 quod
1255 1117 1586 1197 apertissime
1615 1117 1862 1175 demons-

131 1219 332 1266 tratum
349 1221 455 1280 est,
477 1209 702 1266 omnino
732 1207 970 1265 tacuisti.
1000 1206 1142 1264 Cum
1168 1205 1312 1263 enim
1337 1206 1443 1263 tibi
1470 1205 1582 1263 duo
1614 1205 1861 1262 testimo-

131 1295 221 1354 nia
247 1297 407 1355 Pauli
425 1296 662 1377 apostoli
693 1296 1076 1377 proposuerim
1100 1320 1114 1363 ;
1146 1316 1320 1353 unum
1339 1292 1455 1353 *ubi
1485 1295 1558 1352 ait
1589 1316 1601 1351 :
1629 1295 1862 1352 «Nesci-

133 1410 162 1438 »
193 1385 262 1442 tis
288 1386 419 1466 quia
447 1385 715 1465 templum
740 1385 842 1443 Dei
875 1385 1026 1455 estiS‚
1063 1389 1117 1441 e't
1147 1383 1384 1463 Spiritus
1421 1383 1523 1440 Dei
1552 1383 1770 1440 habitat
1803 1382 1861 1440 in

134 1497 161 1526 >2
188 1473 387 1531 vobis?
414 1501 440 1526 >2
459 1473 690 1531 alterum
714 1473 813 1530 ubi
846 1472 921 1529 ait
951 1493 965 1528 z
993 1497 1019 1524 «
1035 1471 1263 1528 Nescitis
1286 1471 1417 1551 quia
1433 1492 1664 1550 corpora
1688 1483 1863 1530 vestra

135 1585 163 1613 »
194 1561 460 1640 templum
485 1562 544 1635 in
568 1561 724 1620 vobis
747 1560 984 1640 Spiritus
1007 1559 1181 1616 sancti
1203 1562 1316 1617 est?
1341 1586 1367 1612 »
1383 1580 1550 1639 quare
1570 1571 1682 1615 tam
1705 1557 1864 1615 frau-

136 1647 387 1707 dulenter
410 1649 591 1725 egisti,
642 1662 704 1706 ut
744 1669 918 1706 unum
954 1648 1158 1704 horum
1196 1667 1676 1717 commemorareS,
1714 1645 1863 1725 quod

104 1789 107 1791 .
136 1735 348 1795 dictum
375 1751 451 1795 est
474 1784 488 1809 ‚
515 1763 542 1790 α
560 1735 856 1817 Templum
888 1735 990 1793 Dei
1015 1736 1139 1792 estis
1164 1759 1179 1803 3
1208 1760 1235 1788 >³
1269 1747 1321 1792 et
1357 1734 1585 1792 alterum
1619 1747 1822 1792 taceres
1848 1779 1862 1804 ,

136 1826 286 1906 quod
320 1826 532 1884 dictum
553 1839 633 1884 est
667 1849 681 1883 ε
718 1826 1014 1905 «Corpora
1037 1837 1215 1881 vestra
1239 1823 1511 1904 templum
1529 1823 1588 1880 in
1617 1822 1773 1880 vobis
1791 1835 1868 1879 est

137 1938 166 1966 2>
198 1913 434 1993 Spiritus
466 1914 640 1971 sancti
661 1918 725 1972 P»
773 1913 888 1970 Cur
918 1912 1028 1970 hoc
1053 1911 1263 1982 fecisti,
1303 1932 1434 1988 rogo
1478 1924 1529 1968 te
1549 1957 1563 1981 ‚
1599 1909 1703 1968 nisi
1740 1910 1868 1989 quia

137 2001 290 2060 nullo
307 2015 471 2082 pacto
495 2024 677 2083 posses
701 2001 1064 2077 argumentari
1085 2000 1364 2081 quomodo
1392 2001 1538 2059 Deus
1561 2011 1742 2057 noster
1759 2020 1871 2056 non

138 2102 274 2146 esset
294 2136 308 2161 ,
333 2090 429 2170 qui
457 2090 727 2170 templum
755 2110 854 2146 nos
881 2089 1029 2169 ipsos
1058 2089 1288 2146 haberet
1320 2111 1334 2144 z
1366 2109 1528 2167 quem
1560 2087 1673 2144 sine
1695 2085 1866 2143 dubio

139 2176 319 2235 Deum
348 2199 797 2253 cognosceremus
820 2224 834 2248 ‚
872 2178 914 2234 si
939 2177 987 2234 ei
1018 2177 1287 2256 templum
1316 2176 1383 2234 de
1401 2175 1561 2251 lignis
1588 2187 1642 2231 et
1661 2173 1871 2254 lapidi-

139 2264 245 2323 bus
268 2287 366 2345 per
394 2265 637 2324 divinam
663 2266 1011 2345 Scripturam
1037 2264 1212 2322 facere
1229 2264 1569 2340 juberemur.

222 2353 352 2411 XII.
404 2354 746 2412 Duodecimo
790 2352 914 2410 loco
958 2351 1221 2410 admonui
1257 2365 1341 2422 te,
1390 2364 1452 2408 ut
1480 2348 1750 2430 proferres
1775 2394 1790 2418 ,
1826 2349 1870 2406 si

142 2461 351 2521 posseS,
391 2461 501 2520 qua
540 2440 725 2498 divina
766 2441 1089 2497 auctoritate
1126 2441 1193 2496 sit
1225 2439 1471 2507 dictum,
1511 2436 1661 2518 quod
1697 2457 1869 2494 unuin

143 2530 280 2594 sint3
315 2528 413 2585 ubi
445 2528 768 2585 substantiae
800 2540 924 2585 sunt
946 2528 1191 2586 diversae.
1228 2528 1314 2584 Tu
1341 2540 1520 2584 autem
1548 2523 1875 2604 respondere

144 2617 214 2676 ad
242 2617 351 2674 hoc
379 2615 564 2674 volens
588 2663 602 2686 ,
636 2616 778 2674 nihil
813 2616 921 2673 tale
944 2616 1185 2696 proferre
1223 2614 1484 2694 potuisti3
1532 2612 1623 2670 sed
1667 2613 1876 2686 magnis

145 2716 452 2762 coarctatus
494 2703 753 2779 angustiis
795 2702 1062 2760 affirmare
1106 2723 1264 2759 ausus
1302 2722 1387 2771 eS‚
1431 2698 1583 2780 quod
1628 2697 1875 2777 Apostoli

146 2811 318 2849 unum
339 2790 446 2847 sint
460 2810 585 2848 cum
612 2792 773 2848 Patre
795 2804 848 2848 et
873 2791 1028 2849 Filio.
1060 2789 1223 2861 Quod
1244 2789 1495 2847 Christus
1516 2786 1740 2844 omnino
1761 2806 1870 2843 non

146 2878 315 2938 dixit:
345 2878 421 2935 sic
446 2878 589 2935 enim
612 2878 708 2936 abs
738 2892 786 2936 te
803 2878 1015 2936 dictum
1039 2891 1144 2949 est,
1171 2892 1433 2957 tanquam
1454 2877 1618 2933 Pater
1633 2887 1685 2932 et
1709 2873 1875 2931 Filius

147 2983 201 3026 et
231 2965 480 3046 Apostoli
513 2986 683 3023 unum
722 2967 846 3026 sint.
884 2967 1136 3024 Christus
1167 2978 1350 3023 autem
1379 2985 1491 3021 non
1529 2964 1636 3032 ait,
1677 2974 1737 3018 ut
1770 2960 1875 3040 ipsi

148 3067 202 3112 et
227 3074 324 3111 nos
347 3073 518 3110 unum
540 3053 706 3110 simus
731 3076 745 3110 ε
782 3053 874 3111 sed
903 3054 975 3111 ait
1002 3100 1016 3124 ‚
1051 3055 1124 3111 Ut
1153 3053 1261 3110 sint
1291 3072 1463 3109 unum
1491 3097 1505 3120 ‚
1535 3050 1679 3107 sicut
1700 3061 1751 3105 et
1784 3069 1879 3105 nos

149 3161 322 3199 unum
355 3161 555 3198 sumus,
609 3140 751 3197 Nam
784 3154 845 3198 ut
872 3141 1041 3201 verba
1086 3142 1206 3221 ipsa
1249 3137 1582 3214 Evangeliea
1625 3157 1828 3216 ponam
1860 3157 1872 3191 ε

152 3255 179 3281 «
199 3231 361 3287 Pater
385 3241 569 3287 sancte
588 3273 603 3299 ‚
628 3226 813 3306 inquit
832 3275 848 3301 ‚
876 3249 1026 3290 serva
1051 3249 1141 3287 eos
1171 3228 1230 3287 in
1254 3226 1479 3285 nomine
1508 3238 1603 3282 tuo
1630 3243 1766 3305 quos
1790 3221 1878 3279 de-
