2144 3808
287 275 404 348 456
813 295 856 332 S.
911 291 1215 332 Aucus'rlm
1231 299 1242 320 v
1260 291 1516 331 EPISCOPI

288 388 474 436 movet
495 422 508 446 ,
542 375 599 433 in
620 395 791 455 eoque
821 374 996 455 ipsam
1024 374 1284 433 visionem
1318 386 1478 432 tenet.
1512 373 1724 431 Horum
1745 374 2011 454 primum,

251 486 253 489 ’
289 466 349 524 id
369 478 476 535 est,
514 486 594 522 res
620 464 740 544 ipsa
766 463 998 524 visibilis
1035 485 1146 522 non
1169 463 1408 544 pertinet
1428 462 1505 521 'ad
1545 463 1832 521 animantis
1862 477 2027 543 natu-A

288 576 443 625 ram,
477 553 580 611 nisi
603 574 732 610 cum
755 573 957 650 corpus
981 565 1225 610 nostrum
1247 551 1536 610 cernimus
1569 550 1814 609 Alterum
1838 564 2019 608 autem

289 644 366 700 ita
390 641 658 723 pertinet,
694 654 756 698 ut
781 641 839 698 in
871 662 1105 721 corpore
1129 643 1255 712 fiat,
1291 654 1348 698 et
1366 662 1465 720 per
1494 660 1695 720 corpus
1718 641 1775 697 in
1795 639 2014 697 anima:

290 733 355 789 fit
386 731 531 788 enim
554 730 611 787 in
638 750 832 800 senSU,
865 729 961 809 qui
987 750 1163 810 neque
1181 730 1294 787 sine
1316 749 1548 808 corpore
1570 740 1648 784 est
1668 748 1882 808 ,neque
1909 728 2022 785 sine

293 820 491 878 anima.
528 819 773 875 Tertium
791 838 920 875 vero
941 816 1105 875 solius
1131 817 1328 875 animae
1353 830 1459 887 est,
1493 815 1622 896 quia
1645 813 1897 873 voluntas
1920 827 2014 874 est.

291 912 436 965 Cum
458 906 625 982 igitur
659 905 863 963 horum
892 907 1057 963 trium
1095 919 1208 976 tam
1251 905 1479 964 diversae
1515 903 1840 961 substantiae
1880 904 2018 973 sint,

293 1008 471 1053 tamen
503 995 559 1052 in
592 1007 793 1050 tantam
820 999 1029 1050 coeunt
1057 994 1319 1051 unitatem
1344 1039 1357 1063 ,
1392 1006 1454 1050 ut
1483 993 1594 1049 duo
1617 993 1803 1071 priora
1830 991 1919 1049 vix
1938 991 2026 1048 in-

292 1081 601 1140 tercedente
625 1079 815 1155 judice
852 1079 1060 1136 ratione
1094 1079 1329 1137 discerni
1355 1079 1607 1147 valeant;
1638 1079 1840 1158 species
1867 1078 2021 1137 vide-

287 1170 413 1226 licet
460 1167 707 1246 corporis
753 1166 903 1246 quod
948 1167 1167 1225 videtur
1185 1214 1198 1239 ‚
1251 1180 1304 1225 et
1347 1167 1526 1243 imago
1562 1172 1678 1243 ejus
1706 1187 1830 1247 quae
1874 1167 1937 1224 fit
1965 1168 2022 1224 in

292 1278 446 1314 sensu
470 1303 484 1328 ,
518 1256 575 1314 id
607 1269 718 1326 est,
754 1256 906 1314 visio,
945 1255 1212 1314 Voluntas
1245 1269 1427 1313 autem
1466 1269 1672 1313 tantam
1704 1256 1817 1314 vim
1854 1254 2026 1313 habet

291 1343 592 1425 copulandi
617 1344 741 1401 haec
764 1343 875 1401 duo
897 1390 910 1415 ,
946 1357 1007 1402 ut
1036 1357 1090 1401 et
1111 1366 1326 1402 sensum
1361 1343 1714 1401 formandum
1739 1341 2028 1402 admoveat

291 1434 340 1491 ei
364 1434 440 1490 rei
467 1454 594 1513 quae
620 1433 863 1490 cernitur
884 1479 896 1502 ,
931 1446 985 1490 et
1012 1433 1071 1490 in
1094 1455 1155 1490 ea
1182 1433 1479 1491 formatum
1519 1444 1716 1491 teneat.
1748 1434 1818 1490 Et
1845 1432 1888 1489 si
1919 1444 2026 1489 tam

293 1521 530 1579 violenta
560 1533 638 1577 est
664 1567 677 1590 ,
727 1534 787 1577 ut
816 1521 987 1601 possit
1014 1523 1202 1579 vocari
1233 1543 1386 1579 amor
1408 1568 1422 1591 ,
1465 1534 1559 1578 aut
1594 1519 1901 1601 cupiditaS,
1935 1532 2030 1577 aut

291 1609 469 1667 libido
488 1655 502 1679 ,
532 1609 694 1666 etiam
724 1622 984 1667 caeterum
1008 1630 1212 1689 corpus
1235 1608 1525 1667 animantis
1547 1608 1895 1667 vehementer
1919 1606 2030 1664 affl-

295 1699 371 1756 cit
396 1720 409 1755 :
446 1711 499 1755 et
522 1697 619 1755 ubi
646 1719 754 1755 non
786 1698 982 1755 resistit
1005 1698 1214 1778 pigrior
1246 1698 1543 1777 duriorque
1573 1696 1853 1767 materieS,
1877 1695 1932 1753 in
1963 1695 2030 1752 si-

218 1787 221 1790 *
295 1786 477 1844 milen]
511 1787 747 1865 speciem
784 1787 1132 1867 coloremque
1155 1799 1475 1845 commutat.
1513 1786 1667 1843 Licet
1692 1784 1875 1843 videre
1903 1804 2031 1842 cor-

292 1874 588 1971 pusculuin
630 1875 1042 1932 chameleontis
1071 1875 1139 1932 ad
1176 1875 1381 1933 colores
1418 1896 1554 1956 quos
1589 1872 1737 1932 videt
1771 1872 2032 1931 facillima

297 1962 648 2020 convexsione
682 1983 713 2019 x
717 1963 896 2020 ariari.
933 1962 1180 2019 Aliorum
1205 1975 1388 2020 autem
1413 1961 1730 2020 animalium
1762 1961 1893 2040 quia
1922 1982 2031 2018 non

295 2063 376 2107 est
397 2049 463 2107 ad
488 2071 629 2107 conv
633 2050 897 2107 ersionem
926 2049 1101 2108 facilis
1120 2050 1497 2130 corpulentia,
1522 2049 1689 2107 foetus
1711 2048 2034 2128 plerumque

297 2137 548 2217 produnt
575 2137 833 2195 libidines
854 2151 1116 2209 matrum,
1144 2138 1281 2218 quid
1304 2161 1432 2196 cum
1456 2160 1649 2214 magna
1679 2137 2034 2195 delectatione

298 2226 694 2305 conspexerint.
737 2228 922 2296 Quam
950 2227 1095 2284 enim
1129 2226 1438 2296 teneriora,
1476 2239 1667 2306 atque,
1700 2238 1763 2283 ut
1794 2225 1869 2284 ita
1890 2225 2036 2283 dixe-

300 2314 403 2371 rim
425 2359 438 2383 ,
472 2312 850 2370 formabiliora
889 2327 1017 2372 sunt
1043 2314 1347 2394 primordia
1385 2314 1681 2385 seminum,
1709 2326 1821 2370 tam
1859 2312 2035 2372 effica-

302 2402 438 2459 citer
459 2414 512 2458 et
529 2401 805 2480 capaciter
828 2415 1133 2481 sequuntur
1153 2403 1507 2460 intentionem
1529 2415 1789 2459 maternae
1812 2401 2031 2469 animae,

303 2503 356 2547 ct
377 2511 504 2569 quae
527 2489 584 2546 in
605 2511 662 2546 ea
688 2489 829 2547 facta
851 2504 928 2548 est
951 2491 1299 2570 phantasiam
1327 2513 1426 2571 per
1446 2511 1648 2571 eorpus
1665 2490 1816 2569 quod
1837 2488 2038 2569 cupide

304 2577 527 2657 aspexit.
559 2581 701 2634 Sunt
716 2578 958 2658 exempla
977 2600 1102 2658 quae
1119 2579 1337 2658 copiose
1354 2578 1767 2636 commemorari
1788 2577 1998 2657 possint
2018 2598 2032 2633 ε

304 2666 397 2724 sed
424 2687 597 2724 unum
625 2666 825 2723 sufficit
852 2666 920 2724 de
952 2667 1276 2725 fidelissimis
1293 2666 1449 2725 libris
1466 2713 1480 2739 ,
1510 2665 1662 2747 quod
1682 2665 1813 2723 fecit
1833 2666 2033 2736 Jacob,

307 2769 368 2814 ut
398 2777 524 2813 oves
544 2750 806 2835 et'caprae
831 2757 1007 2815 varios
1041 2756 1321 2814 coloribus
1356 2769 1641 2837 parerent,
1676 2756 2038 2836 supponendo

305 2846 380 2902 eis
412 2844 616 2902 variata
640 2844 877 2920 virgulta
898 2844 957 2902 in
987 2844 1272 2903 canalibus
1301 2864 1565 2925 aquarum
1584 2891 1599 2916 ,
1635 2865 1762 2924 quae
1789 2857 2039 2924 potantes

303 2935 648 2989 intuerentur
668 2952 732 2989 eo
760 2944 1005 3013 tempore
1027 2954 1137 3013 quo
1162 2932 1582 3013 conceperant1.

390 3018 485 3077 VI.
526 3018 633 3075 Sed
661 3019 840 3078 anima
865 3020 1144 3079 rationalis
1165 3019 1479 3079 deformiter
1499 3020 1636 3080 vivit
1654 3067 1669 3092 ,
1695 3041 1823 3079 cum
1850 3042 2039 3080 secun-

307 3106 440 3165 dum
471 3105 770 3164 trinitatem
794 3108 1070 3168 exterioris
1105 3109 1344 3168 hominis
1368 3109 1541 3182 vivit,
1578 3109 1635 3168 id
1673 3122 1781 3181 est,
1810 3129 1937 3168 cum
1970 3108 2038 3168 ad

366 3210 380 3245 ⁸
404 3212 511 3254 Gen.
537 3223 631 3258 xxx,
659 3212 712 3263 39
