2144 3808
342 389 362 429 1
376 369 452 430 32
866 386 912 426 ε.
965 358 1272 426 Ancusrmr
1316 371 1573 427 ss'rrscom

333 486 418 531 ter
450 491 563 532 nou
603 467 819 548 judicat
845 488 1179 551 quemquam
1199 515 1214 538 ‚
1254 488 1385 527 cum
1425 468 1576 529 dicat
1615 470 1732 551 ipse
1758 467 2059 531 identidem

334 561 541 621 Filius:
564 587 591 614 «
610 563 724 637 Ego
748 580 860 617 non
897 579 1088 640 quaero
1115 556 1344 634 gloriam
1369 580 1541 617 meam
1564 606 1579 630 ,
1623 573 1700 619 est
1723 561 1817 642 qui
1845 574 2062 643 quaerat

334 678 363 706 >2
386 664 441 710 et
457 647 701 727 judicet1
725 669 740 707 ε
767 673 792 701 n
814 660 877 705 ut
901 646 1038 705 scias
1056 645 1181 704 ideo
1215 645 1429 704 dictum.
1451 668 1466 703 ι
1490 673 1512 700 κ
1534 648 1698 707 Pater
1717 671 1829 708 non
1844 646 2063 726 judicat

334 767 362 795 »
383 758 719 820 quemquam
740 783 754 807 ,
788 735 883 802 sed
903 755 1063 793 omne
1076 733 1353 810 judicium
1375 733 1528 793 dedit
1545 736 1740 806 Filio23
1755 763 1781 790 ›>
1801 737 2064 818 quoniam

327 827 648 906 judicandis
662 825 802 887 vivis
817 837 870 883 et
881 824 1110 883 mortuis
1121 822 1298 882 forma
1311 824 1551 883 hominis
1567 825 1880 907 apparebit,
1899 846 2067 906 quam

335 939 448 978 non
464 917 639 976 habet
661 916 851 973 Pater:
873 927 1104 997 propter
1121 913 1272 994 quod
1297 914 1373 971 ait
1398 914 1679 995 Propheta
1703 938 1718 974 ι
1740 943 1766 970 a
1784 915 2068 976 Vibebunt

335 1034 364 1061 ι)
391 1006 452 1065 in
481 1026 645 1087 quem
672 1016 1032 1085 pupugerunt
1047 1001 1089 1062 ³.
1129 1028 1157 1056 ›>
1188 1002 1296 1062 Sed
1323 1002 1671 1069 invisibiliter
1698 1005 1863 1063 etiam
1894 1005 2067 1079 'Pater

333 1095 437 1156 erit
459 1115 589 1153 cum
626 1113 690 1151 eo
711 1138 726 1164 ,
774 1091 906 1173 quia
940 1091 1321 1172 inseparabilis
1352 1104 1430 1149 est
1469 1092 1540 1150 ab
1572 1114 1654 1152 eo,
1695 1093 1754 1151 Si
1782 1092 1930 1151 enim
1955 1113 2067 1150 non

333 1205 455 1243 sum
477 1181 651 1253 soluS,
685 1180 949 1261 quoniam
974 1180 1138 1238 Pater
1164 1188 1379 1238 mecum
1403 1179 1541 1252 est4,
1571 1181 1647 1239 ait
1673 1183 1790 1262 ipse
1826 1180 2067 1239 moritu-

331 1294 427 1333 rus
451 1295 466 1330 ε
496 1282 703 1353 quanto
734 1269 904 1346 magis
927 1290 1110 1328 secum
1135 1268 1368 1327 habebit
1393 1270 1610 1328 Patrem
1632 1317 1646 1342 ,
1676 1270 1743 1329 de
1765 1271 1994 1329 mortuis
2015 1282 2069 1328 et

333 1361 474 1420 vivis
492 1358 876 1436 judicaturus?
911 1357 1055 1415 Cum
1082 1356 1178 1416 illo
1215 1357 1316 1415 erit
1339 1357 1500 1416 etiam
1548 1358 1785 1439 Spiritus
1823 1371 2060 1417 sanctus,

335 1445 632 1522 Quomodo
643 1445 786 1503 enim
802 1443 1009 1503 deseret
1023 1465 1149 1503 eum
1169 1444 1409 1525 Spiritus
1427 1459 1644 1504 sanetus
1660 1446 1716 1504 in
1738 1445 1903 1523 regali
1919 1445 2064 1518 sede,

335 1558 448 1618 quo
475 1535 668 1617 plenus
690 1554 958 1610 regressus
986 1546 1064 1592 est
1088 1556 1117 1591 a
1144 1532 1460 1592 Jordane5?
1491 1534 1658 1607 Quod
1680 1535 1868 1615 itaque
1894 1535 2070 1615 scrip-

334 1639 455 1684 tum
479 1636 559 1682 est
579 1622 649 1682 ad
672 1622 939 1681 Hebraeos
960 1643 975 1680 z
999 1648 1025 1676 «
1045 1624 1208 1681 Nunc
1233 1636 1414 1681 autem
1433 1623 1669 1682 necdum
1687 1624 1936 1683 videmus
1953 1646 2069 1682 om-

311 1734 364 1767 »
396 1714 489 1772 nia
517 1711 765 1788 subjecta
785 1710 834 1770 ei
861 1732 875 1768 τ
910 1731 1036 1768 eum
1074 1723 1256 1770 autem
1287 1711 1509 1771 modico
1536 1713 1717 1770 minus
1748 1714 1820 1770 ab
1853 1712 2070 1789 Angelis

336 1804 365 1856 ›2'
396 1801 730 1860 minoratum
746 1798 996 1858 videmus
1017 1800 1050 1856 J
1053 1819 1199 1857 esum
1219 1813 1448 1880 propter
1461 1800 1770 1881 passionem
1787 1802 2028 1869 mortis⁶;
2044 1829 2070 1855 ›>

335 1889 533 1950 docere
559 1909 658 1947 nos
680 1886 844 1946 debet
874 1886 1154 1968 quomodo
1184 1887 1611 1964 intelligendum·
1628 1889 1696 1946 sit
1719 1888 1868 1969 quod
1899 1890 2069 1970 scrip-

337 1994 456 2039 tum
485 1990 565 2038 est
588 1976 660 2036 ad
690 1976 1008 2036 Corinthios
1038 1998 1053 2035 ε
1082 1976 1271 2036 «Cum
1295 1991 1476 2036 autem
1500 1978 1683 2036 omnia
1707 1978 1787 2037 illi
1823 1979 2071 2055 subjecta

333 2095 362 2124 >2
389 2065 630 2128 fuerint⁷
668 2087 683 2123 z
715 2092 742 2119 ›>
774 2065 905 2146 quia
935 2063 1240 2123 secundum
1275 2065 1334 2124 id
1359 2065 1569 2124 dictum
1602 2079 1680 2125 est
1703 2067 1856 2147 quod
1893 2066 2070 2125 factus

333 2170 413 2217 est
435 2157 636 2227 homo,
671 2174 785 2212 non
814 2153 1118 2212 secundum
1162 2153 1221 2212 id
1245 2154 1396 2236 quod
1423 2168 1502 2212 est
1535 2156 1697 2215 Deus,
1735 2156 1826 2213 Sic
1847 2177 1973 2232 ergo
2011 2157 2070 2214 in

331 2245 559 2306 homine
574 2264 843 2325 apparens
859 2288 876 2315 ,
892 2242 952 2302 in
975 2264 1086 2323 quo
1106 2263 1206 2324 per
1227 2243 1531 2324 passionem
1556 2244 1745 2329 mortis
1766 2245 2071 2303 minoratus

331 2347 414 2393 est
429 2331 647 2412 modico
667 2331 846 2390 minus
865 2330 938 2390 ab
961 2330 1178 2407 Angelis
1192 2329 1241 2402 8,
1266 2331 1417 2390 vivos
1440 2344 1494 2390 et
1512 2346 1754 2391 mortuos
1761 2331 2064 2408 judicabit,

334 2421 559 2504 quando
602 2419 854 2479 dicturus
904 2432 1024 2478 est:
1056 2446 1082 2473 ε(
1114 2419 1305 2478 Venite
1328 2467 1342 2491 ,
1377 2420 1653 2480 benedicti
1711 2422 1890 2480 Patris
1926 2422 2064 2494 mei,

335 2538 366 2566 2>
395 2508 669 2592 percipite
686 2528 916 2585 regnum
928 2509 971 2568 9.
999 2535 1026 2561 ›>
1057 2507 1184 2580 Quo
1205 2521 1268 2567 tu
1293 2509 1604 2568 testimonio
1626 2531 1735 2568 non
1762 2510 2065 2581 hominem,

335 2600 430 2660 sed
462 2601 637 2659 Deum
657 2597 923 2656 minorem
943 2618 1041 2656 suo
1071 2599 1235 2656 Patre
1255 2598 1411 2678 quasi
1432 2598 1669 2678 probare
1690 2598 1911 2657 voluisti
1936 2621 1950 2656 ε
1975 2598 2069 2658 sed

337 2689 481 2748 sicut
511 2687 583 2746 ab
608 2686 683 2745 eis
712 2685 811 2767 qui
837 2685 1150 2762 intelligunt
1173 2686 1538 2766 perspicitur,
1575 2707 1688 2743 non
1710 2687 1978 2766 probasti.

420 2776 574 2840 XIX.
629 2775 711 2833 De
742 2773 976 2855 Spiritui
1005 2774 1178 2832 sancti
1221 2787 1399 2831 autem
1436 2775 1727 2850 gemitibus
1748 2821 1763 2847 ,
1796 2777 1926 2857 quia
1956 2798 2069 2835 non

332 2867 452 2945 ipse
480 2862 675 2940 gemit,
706 2863 799 2921 sed
827 2863 1100 2943 inspirans
1126 2862 1287 2920 nobis
1311 2861 1640 2921 desiderium
1677 2877 1928 2923 sanctum
1970 2887 2070 2924 nos

334 2952 473 3011 facit
509 2971 721 3027 gemere
750 2950 999 3030 quandiu
1028 2950 1437 3031 peregrinamur
1460 2973 1488 3009 a
1520 2952 1807 3023 Domino,
1816 2956 1932 3027 jam
1966 2954 2070 3011 tibi

336 3039 665 3100 sufficienter
686 3037 1026 3117 respondisse
1046 3059 1133 3096 me
1159 3038 1419 3099 existimo.
1450 3040 1522 3097 Et
1552 3038 1680 3097 tales
1702 3040 1769 3098 de
1809 3041 2066 3122 Scriptu-

400 3171 417 3200 ¹
440 3172 563 3212 Joan.
587 3181 683 3218 vm,
705 3169 771 3209 50.
794 3191 846 3200 —
865 3166 964 3210 2121.
984 3182 1022 3219 v,
1044 3183 1112 3210 αα.
1133 3192 1185 3200 -—
1203 3166 1222 3198 ³
1243 3168 1366 3212 Zach.
1393 3184 1474 3226 ιιι,
1504 3184 1565 3212 xo.
1583 3194 1638 3203 -—
1662 3167 1680 3199 ⁴
1700 3174 1818 3212 Joau.
1838 3186 1934 3227 xvx,
1963 3177 2066 3217 3,-

342 3235 362 3268 ⁸
400 3241 496 3278 Luc.
519 3248 575 3283 xv,
613 3249 651 3275 1.
681 3255 739 3266 —
763 3230 783 3262 ⁶
807 3234 935 3280 Hebr.
970 3250 1004 3286 ι,
1031 3238 1072 3281 8.
1096 3256 1155 3268 -
1177 3234 1196 3264 ⁷
1217 3252 1240 3285 ,1
1269 3238 1364 3281 Cor.
1389 3251 1457 3288 xv,
1485 3240 1555 3280 28.
1583 3257 1639 3269 —-
1669 3233 1688 3265 ⁸
1713 3239 1813 3282 psal.
1840 3254 1930 3289 vm,
1948 3242 1985 3283 6.
2010 3262 2069 3274 —

336 3325 394 3338 -
424 3300 444 3333 ⁹
466 3300 616 3345 munh.
641 3315 734 3353 xxv,
764 3304 831 3349 34.
