2144 3808
281 297 400 354 516
825 311 867 348 5.
923 307 1225 347 Aucus'rml
1270 309 1525 348 EPISCOPI

280 418 388 476 que
416 394 551 452 adeo
579 391 762 450 adhuc
791 390 1148 462 irascebatur,
1182 403 1244 447 ut
1265 390 1369 447 nisi
1395 389 1563 448 Filius
1580 411 1684 470 pro
1708 390 1868 449 nobis
1894 412 2009 450 mo-

274 497 508 554 reretur,
526 502 639 539 non
666 479 1020 560 placaretur?
1052 479 1122 535 Et
1143 477 1280 558 quid
1297 490 1375 535 est
1403 478 1553 558 quod
1583 478 1687 536 alio
1714 479 1837 537 loco
1865 480 2011 539 idem

274 572 390 653 ipse
405 574 616 630 Doctor
632 568 877 644 gentium
897 589 911 623 ε
931 565 1137 638 «Quid,
1152 566 1354 646 inquit,
1370 587 1496 641 ergo
1513 565 1757 625 dicemus
1773 567 1840 625 ad
1854 568 2012 627 haec?
2047 568 2049 571 ’

276 686 304 714 »
337 660 393 718 Si
417 662 561 718 Deus
589 678 691 737 pro
721 655 911 726 nobiS‚
940 654 1062 735 quis
1099 668 1290 712 contra
1315 658 1448 713 nos?
1478 655 1590 726 Qui
1615 657 1846 736 proprio
1875 657 2011 715 Filio

275 774 303 802 ))
340 770 438 806 suo
463 770 574 806 non
591 744 863 826 pepercit,
882 743 973 800 sed
990 765 1093 822 pro
1115 743 1274 800 nobis
1298 744 1554 801 omnibus
1577 745 1807 803 tradidit
1827 745 2003 806 illum.

274 863 302 890 »
334 835 630 908 Quomodo
665 856 774 892 non
801 832 961 890 etiam
992 854 1119 889 cum
1151 829 1247 889 illo
1272 833 1455 889 omnia
1482 833 1647 891 nobis
1664 833 1960 893 donavit1'2>
1985 861 2012 888 >2

275 925 562 1007 Numquid
593 925 696 982 nisi
719 929 833 999 jam
855 922 1103 1002 placatus
1128 935 1262 979 esset
1287 927 1466 992 Pater,
1494 925 1724 1003 proprio
1747 924 1885 982 Filio
1902 946 2014 983 non

270 1036 502 1096 parcens
530 1035 633 1093 pro
662 1012 823 1069 nobis
848 1031 971 1066 eum
998 1009 1251 1067 traderet.
1288 1011 1482 1066 Nonne
1508 1011 1725 1068 videtur
1756 1012 1882 1071 haec
1932 1012 2014 1071 illi

270 1103 423 1160 velut
452 1101 674 1159 adversa
695 1117 805 1155 esse
835 1095 1136 1154 sententia?
1161 1097 1226 1154 In
1248 1095 1340 1154 illa
1361 1096 1594 1154 moritur
1612 1120 1718 1178 pro
1742 1100 1901 1158 nobis
1919 1101 2013 1158 Fi-

268 1189 399 1260 lius,
417 1202 471 1246 et
486 1185 873 1245 reconciliatur
897 1183 1058 1241 nobis
1087 1185 1252 1242 Pater
1273 1206 1372 1264 per
1397 1199 1626 1244 mortem
1651 1191 1765 1263 ejus
1787 1188 1877 1246 :in
1904 1189 2013 1247 hac

271 1292 454 1337 autem
474 1290 737 1356 tanquam
761 1274 916 1354 prior
933 1295 1031 1331 nos
1058 1272 1305 1331 dilexerit
1331 1275 1514 1347 Pater,
1534 1275 1650 1355 ipse
1666 1290 1894 1358 propter
1915 1299 2015 1336 nos

270 1366 412 1425 Filio
436 1387 548 1424 non
575 1363 778 1444 parcit,
803 1362 920 1442 ipse
952 1383 1055 1442 pro
1104 1361 1266 1419 nobis
1296 1383 1420 1419 eum
1458 1362 1625 1421 tradit
1656 1365 1722 1422 ad
1754 1378 2003 1425 mortem.

269 1455 378 1515 Sed
403 1455 563 1512 video
586 1451 738 1533 quod
767 1464 820 1508 et
844 1465 1000 1509 antea
1016 1454 1179 1508 Pater
1197 1450 1384 1509 dilexit
1407 1474 1505 1510 nos
1525 1474 1636 1510 non
1658 1453 1836 1512 solum
1867 1468 2013 1514 ante-

268 1565 438 1625 quam
459 1564 563 1623 pro
578 1541 739 1599 nobis
773 1540 942 1597 Filius
963 1553 1287 1609 moreretur,
1321 1539 1415 1597 sed
1447 1554 1736 1621 antequam
1755 1542 2014 1601 conderet

264 1632 563 1700 mundum,
585 1630 706 1710 ipso
727 1641 854 1686 teste
884 1628 1148 1708 Apostolo
1177 1629 1273 1707 qui
1289 1627 1425 1686 dicit
1457 1651 1518 1686 2«
1538 1630 1696 1688 Sicut
1727 1629 1887 1707 elegit
1913 1653 2013 1690 nos

269 1746 298 1774 ))
328 1721 387 1778 in
414 1721 535 1800 ipso
562 1731 686 1776 ante
714 1716 910 1775 mundi
940 1716 1386 1774 constitutionem
1413 1717 1455 1776 2.
1487 1745 1511 1769 »
1555 1719 1670 1776 Nec
1699 1718 1868 1777 Filius
1895 1722 2007 1778 Pa-

267 1822 351 1866 tre
382 1808 488 1866 sibi
514 1828 625 1864 non
644 1817 900 1886 parcente
920 1825 1024 1884 pro
1044 1804 1207 1870 nobis
1229 1804 1380 1862 velut
1408 1805 1613 1864 invitus
1642 1819 1720 1864 est
1750 1806 2004 1879 traditu8‚

265 1898 397 1977 quia
429 1909 483 1954 et
512 1895 581 1953 de
608 1895 730 1973 ipso
757 1893 971 1951 dictum
1003 1907 1083 1950 est
1115 1915 1128 1949 ε
1163 1893 1323 1964 «Qui
1357 1915 1442 1951 me
1466 1894 1673 1965 dilexit,
1702 1908 1754 1953 et
1780 1895 2011 1955 tradidit

268 2012 296 2039 »
329 1985 676 2064 semetipsum
720 2004 819 2062 pro
859 2003 945 2039 me
962 1982 1003 2040 3.
1046 1982 1248 2039 Omnia
1277 2003 1403 2057 ergo
1456 1984 1619 2042 simul
1652 1997 1705 2042 et
1755 1986 1920 2043 Pater
1959 1999 2012 2044 et

274 2100 301 2127 >2
319 2073 491 2131 Filius
523 2085 578 2129 et
606 2070 899 2128 amborum
933 2068 1171 2148 Spiritus
1195 2069 1401 2148 pariter
1429 2084 1481 2127 et
1511 2071 1857 2130 concorditer
1876 2095 2013 2154 ope-

267 2188 295 2215 »
314 2158 502 2219 raturl·
531 2182 545 2216 ι
579 2185 604 2212 »z
624 2172 805 2216 tamen
827 2157 1114 2234 justificati
1139 2177 1325 2214 sumus
1345 2158 1403 2215 in
1427 2158 1636 2218 Christi
1661 2161 1941 2237 sanguine,
1959 2175 2013 2220 et

264 2247 605 2308 reconciliati
633 2268 820 2305 sumus
855 2247 970 2304 Deo
999 2267 1099 2326 per
1126 2259 1359 2304 mortem
1405 2247 1526 2305 Filii
1569 2253 1683 2324 eJus
1715 2271 1730 2306 t
1763 2263 1818 2307 et
1863 2271 2010 2331 quo-

264 2338 432 2396 modo
457 2336 514 2395 id
556 2336 762 2394 factum
812 2336 882 2393 sit
906 2348 967 2393 ut
993 2349 1206 2416 potem,
1241 2335 1408 2394 etiam
1435 2336 1531 2395 hic
1562 2351 1830 2417 quantum
1877 2339 2008 2398 satis

268 2425 552 2485 videbitur
581 2424 890 2504 explicabo

348 2514 499 2572 XVI.
538 2512 794 2584 Quadam
813 2511 1028 2587 justitia
1050 2512 1156 2569 Dei
1198 2513 1254 2569 in
1297 2525 1622 2592 potestatem
1657 2514 1865 2573 diaboli
1891 2529 2010 2575 tra·

266 2606 447 2665 ditum
490 2615 569 2660 est
612 2621 778 2676 genus
822 2600 1156 2668 humanum,
1206 2614 1438 2679 peccato
1478 2601 1643 2680 primi
1674 2601 1915 2662 hominis
1951 2604 2010 2663 in

268 2713 453 2753 omnes
479 2689 760 2769 utriusque
784 2710 934 2745 sexus
963 2688 1345 2746 commixtione
1368 2702 1649 2747 nascentes
1675 2691 2010 2767 originaliter

266 2773 603 2848 transeunte,
628 2790 682 2835 et
710 2788 999 2856 parentum
1033 2776 1337 2855 primorum
1363 2775 1551 2834 debito
1576 2778 1850 2838 universos
1873 2802 2008 2861 pos·-

267 2885 412 2930 teros
441 2866 736 2941 obligante.
772 2865 909 2922 Haec
936 2862 1156 2922 traditio
1197 2864 1351 2943 prius
1374 2864 1431 2922 in
1465 2866 1660 2924 Genesi
1705 2868 2009 2944 significata

271 2971 371 3027 est,
402 2955 501 3013 ubi
529 2974 660 3011 cum
692 2951 927 3031 serpenti
969 2951 1181 3009 dictum
1219 2965 1353 3009 esset
1387 2974 1400 3008 :
1434 2978 1460 3004 ε(
1493 2955 1719 3013 Terram
1763 2956 2007 3016 mandu-

270 3071 298 3099 »
329 3041 520 3103 cabis5
548 3062 563 3097 z
597 3067 623 3094 »
651 3040 867 3098 homini
896 3039 1110 3099 dictum
1139 3053 1218 3099 est
1242 3062 1256 3098 z
1289 3066 1316 3093 c<
1344 3041 1510 3100 Terra
1541 3064 1617 3115 eS,
1650 3057 1702 3103 et
1723 3044 1781 3103 in
1807 3058 2006 3104 terram

330 3166 345 3194 ι
365 3167 483 3204 Rom.
502 3174 599 3212 vm,
626 3163 696 3203 31.
717 3182 771 3189 —
798 3158 818 3188 2
843 3160 987 3215 Ephes.
1015 3175 1043 3210 1,
1074 3170 1112 3208 4.
1135 3183 1192 3192 -
1210 3159 1229 3192 3
1246 3162 1378 3203 Galat.
1404 3177 1452 3214 ιι,
1482 3179 1548 3206 20.
1570 3188 1625 3198 —
1645 3162 1662 3194 ⁴
1685 3169 1801 3208 Rom.
1825 3179 1862 3216 v,
1886 3181 1912 3219 9
1947 3188 2005 3198 —

267 3231 286 3263 ὅ
308 3235 411 3275 Gen.
432 3242 501 3278 ιη,
529 3234 593 3273 ¹4·
