2144 3808
582 323 650 376 niz
694 319 1017 387 nimum,
1065 337 1173 377 Lm.
1226 339 1351 376 x111.
1726 316 1842 376 503

123 432 289 496 quam
317 417 417 478 ubi
442 416 576 475 dixit
603 417 896 499 Apostolus
926 440 941 475 z
974 444 1000 470 «
1026 417 1141 475 Una
1179 417 1342 476 fides1
1362 466 1376 487 ‚
1403 446 1429 472 »
1465 431 1543 476 tot
1565 439 1652 482 eas
1681 418 1846 477 audet

122 505 415 586 quisquam
444 505 624 564 dicere
652 511 788 587 quot
821 505 1022 565 fideles,
1067 506 1138 564 Et
1166 520 1346 564 tamen
1386 507 1483 588 qui
1522 506 1696 565 dicit:
1738 534 1764 561 «
1793 506 1844 567 O

125 618 153 645 »
177 592 406 664 mulier,
440 614 634 669 magna
672 607 751 652 est
789 593 923 652 fides
960 595 1091 651 11132
1119 617 1135 648 2
1160 622 1186 647 >2
1226 608 1280 652 et
1318 594 1504 665 alteri,
1557 621 1583 647 «
1610 595 1848 653 Modicae

125 706 154 733 ›>
174 680 331 751 fidei,
361 702 532 762 quare
565 681 905 742 dubitasti&
932 709 958 736 »
993 703 1152 755 suam
1190 684 1388 763 cuique
1417 704 1526 740 esse
1555 682 1839 758 significat.

127 767 234 827 Sed
263 768 339 826 ita
358 769 562 828 dieitur
587 769 771 828 eadem
798 771 1137 839 credentium
1161 771 1293 828 fides
1321 793 1427 830 una
1449 818 1462 842 ,
1495 770 1849 851 quemadmo-

125 856 260 916 dum
281 857 467 915 eadem
499 858 800 916 volentium
830 858 1081 917 voluntas
1105 878 1214 915 una
1247 881 1260 916 ε
1295 879 1421 915 cum
1448 858 1575 915 etin
1601 857 1733 938 ipsis
1750 859 1850 941 qui

124 944 236 1003 hoc
263 944 407 1002 idem
439 943 632 1002 volunt
648 990 664 1016 ‚
694 966 787 1004 sua
818 944 1072 1004 voluntas
1091 945 1160 1003 sit
1181 944 1382 1024 cuique
1402 946 1700 1024 conspicua
1721 990 1736 1015 ‚
1763 944 1848 1009 al-

125 1032 291 1090 terius
313 1045 493 1089 autem
522 1031 687 1090 lateat
708 1080 722 1102 ‚
755 1034 1004 1115 quamvis
1032 1031 1177 1091 idem
1207 1033 1373 1104 velit,
1417 1045 1469 1090 et
1502 1029 1548 1089 si
1578 1030 1854 1111 aliquibus

124 1120 288 1196 signis
311 1141 420 1178 sese
449 1118 656 1177 iudicet
679 1166 692 1191 ‚
726 1121 970 1179 creditur
995 1121 1180 1201 potius
1201 1141 1368 1201 quam
1400 1119 1635 1178 videtur.
1676 1119 1855 1176 Unus-

124 1208 358 1288 quisque
385 1220 566 1265 autem
593 1209 676 1265 sui
703 1209 872 1266 animi
896 1209 1146 1274 conscius
1167 1229 1279 1266 non
1300 1207 1475 1270 credit
1496 1207 1685 1287 utique
1706 1207 1852 1264 hanc

125 1316 234 1354 esse
260 1317 413 1354 suam
432 1343 447 1368 ,
481 1298 573 1356 sed
602 1297 766 1379 plane
799 1294 1047 1378 pervidet
1081 1297 1436 1357 voluntatem.
1605 1292 1607 1294 i

208 1383 304 1443 Vl.
349 1385 443 1442 Est
467 1387 725 1466 quaedam
748 1407 873 1443 sane
901 1384 1143 1462 ejusdem
1176 1399 1390 1443 naturae
1419 1383 1650 1442 viventis
1677 1396 1731 1440 et
1757 1404 1852 1441 ra·-

127 1471 273 1529 tione
313 1473 512 1530 utentis
545 1487 697 1532 tanta
743 1473 1078 1553 conspiratio
1101 1519 1116 1543 ‚
1156 1485 1217 1529 ut
1252 1471 1579 1530 cum'lateat
1623 1470 1852 1529 alterum

126 1559 262 1642 quid
288 1559 422 1618 alter
448 1561 577 1620 velit
594 1609 608 1632 ‚
633 1561 916 1620 nonnullae
938 1575 1119 1620 tamen
1142 1563 1248 1619 sint
1279 1560 1585 1620 voluntates
1608 1559 1855 1618 omnium

128 1651 289 1708 etiam
314 1650 538 1726 singulis
568 1665 716 1710 notae
745 1674 759 1709 ι
790 1664 841 1708 et
865 1671 993 1709 cum
1027 1651 1258 1732 quisque
1285 1651 1455 1708 homo
1487 1650 1690 1709 nesciat
1716 1647 1852 1728 quid

128 1738 298 1795 homo
327 1737 464 1796 alius
489 1759 630 1798 unus
648 1739 778 1799 velit
804 1786 818 1810 ‚
861 1741 920 1796 in
955 1736 1283 1819 quibusdam
1320 1737 1483 1795 rebus
1520 1737 1692 1817 possit
1722 1736 1858 1794 seire

127 1825 264 1907 quid
286 1847 472 1884 omnes
503 1827 688 1888 velint.
726 1827 886 1887 Unde
905 1826 1000 1887 illa
1028 1827 1314 1903 cujusdam
1348 1826 1502 1884 mimi
1526 1825 1855 1883 facetissima

127 1914 466 1995 praedicatur
493 1915 777 1974 urbanitas
798 1963 811 1987 ,
844 1916 940 1996 qui
971 1937 1098 1974 cum
1125 1938 1178 1973 se
1198 1914 1530 1996 promisisset
1558 1914 1616 1971 in
1637 1912 1853 1992 theatro

129 2002 266 2084 quid
298 2003 357 2060 in
381 2003 564 2061 animo
592 2003 863 2062 haberent
884 2050 898 2074 ,
924 2016 977 2061 et
1004 2002 1140 2083 quid
1160 2000 1361 2064 vellent
1387 2021 1573 2058 omnes
1591 2046 1606 2070 ‚
1634 1999 1750 2057 aliis
1769 1999 1853 2058 lu-

132 2090 216 2148 dis
244 2111 354 2148 esse
393 2089 708 2162 dicturum,
754 2104 915 2172 atque
952 2090 1022 2168 3(1
1063 2091 1208 2148 diem
1251 2090 1609 2148 constitutum
1649 2087 1858 2162 ingenti

133 2179 502 2259 expectatione
522 2184 696 2255 major
723 2179 1022 2238 multitudo
1046 2177 1342 2236 conflueret
1362 2223 1376 2246 ,
1411 2175 1679 2259 suspensis
1699 2187 1753 2232 et
1775 2173 1854 2231 si-

133 2267 374 2326 lentibus
395 2267 677 2339 omnihns,
716 2266 906 2325 dixisse
928 2267 1255 2347 perhibetur
1285 2287 1298 2327 z
1331 2263 1440 2322 Vili
1460 2262 1625 2321 vultis
1647 2283 1850 2333 emere,

138 2369 191 2413 et
227 2375 356 2412 caro
384 2353 632 2414 vendere.
687 2357 753 2412 In
796 2375 908 2437 quo
949 2353 1098 2413 dicto
1136 2352 1391 2419 levissimi
1434 2350 1633 2409 scenici
1674 2370 1861 2407 omnes

138 2456 319 2501 tamen
347 2442 702 2501 conscientias
724 2443 1049 2507 invenerunt
1077 2463 1228 2512 suas,
1250 2442 1407 2521 eique
1426 2461 1552 2499 vera
1579 2451 1702 2496 ante
1724 2458 1855 2495 ocu·
1926 2464 1931 2470 ·

138 2531 219 2590 los
242 2532 489 2590 omnium
517 2533 813 2590 constituta
836 2579 850 2603 ‚
877 2546 929 2589 et
959 2545 1137 2590 tamen
1168 2528 1464 2611 improvisa
1496 2526 1730 2598 dicenti,
1761 2526 1863 2584 ad—

142 2617 384 2678 mirabili
409 2618 592 2677 favore
612 2619 950 2700 plauserunt.
981 2623 1096 2681 Cur
1120 2631 1300 2676 autem
1325 2629 1437 2674 tam
1461 2612 1865 2694 magna'expec-

144 2708 279 2765 tatio
316 2706 460 2765 facta
499 2721 577 2766 est
618 2708 714 2766 illo
747 2707 1104 2789 promittente
1148 2705 1394 2763 omnium
1440 2702 1777 2761 voluntatem
1815 2722 1869 2758 se

146 2817 253 2854 esse
274 2794 553 2854 dicturum
576 2843 590 2867 ‚
618 2797 721 2854 nisi
750 2798 880 2877 quia
902 2796 1072 2854 latent
1100 2794 1381 2852 hominem
1410 2791 1638 2849 aliorum
1678 2788 1870 2846 homi-
1958 2826 1963 2831 -

147 2904 281 2942 num
312 2882 659 2943 voluntates?
692 2884 797 2942 Sed
830 2883 1101 2965 numquid
1136 2884 1237 2940 ista
1264 2880 1426 2938 latuit
1462 2881 1662 2945 istum?
1693 2878 1875 2935 Num-

151 2971 282 3053 quid
309 2991 638 3052 quemquam
663 2973 826 3032 lateri>
850 2974 973 3044 Qua
995 2971 1216 3030 tandem
1246 2991 1405 3028 causa
1423 3015 1437 3040 ‚
1469 2967 1571 3025 nisi
1594 2966 1724 3046 quia
1743 2977 1871 3023 sunt

151 3059 406 3141 quaedam
437 3079 562 3138 quae
590 3081 700 3118 non
739 3061 1183 3119 inconvenienter
1213 3059 1271 3116 in
1311 3055 1426 3115 aliis
1462 3054 1530 3113 de
1564 3074 1617 3111 se
1646 3053 1875 3134 quisque

156 3147 416 3224 conjiciat
435 3194 448 3218 ‚
479 3150 845 3228 compatiente
869 3148 955 3208 vel
980 3148 1330 3230 conspirante
1357 3144 1490 3203 vitio
1524 3163 1615 3203 seu
1648 3144 1881 3199 natura?

217 3253 472 3310 1Ε[111(15.1ν,
491 3255 533 3297 5.
553 3277 608 3285 —
629 3251 650 3281 2
675 3251 820 3297 Manu»,
846 3268 915 3306 xv,
935 3254 1002 3294 28.
1020 3278 1068 3285 -
1094 3250 1301 3298 ³1d.x1v‚
1331 3252 1402 3290 31.
