2144 3808
300 249 419 307 336
831 267 874 304 5.
930 265 1236 304 AuousrtNr
1283 263 1539 305 EPISCOPI

294 363 546 431 apparet,
578 370 691 434 non
710 350 1048 431 separatione
1078 351 1234 430 quasi
1262 351 1525 427 emigrare
1559 350 1769 432 aliquid
1800 373 1829 408 a
1851 351 2031 432 capite

298 438 434 497 dum
465 438 720 509 canescit,
753 452 815 496 ut
843 438 1126 515 nigritudo
1152 438 1281 496 inde
1307 440 1544 498 candore
1572 438 1896 498 succedente
1917 439 2034 498 dis-

300 528 460 588 cedat
478 541 530 585 et
560 527 744 608 aliquo
775 541 862 586 eat
881 575 896 598 ,
933 527 1026 587 sed
1053 526 1206 585 illam
1236 527 1554 608 qualitatem
1581 528 1774 587 coloris
1795 529 1876 588 ibi
1899 529 2035 598 verti

299 629 461 699 atque
490 616 708 675 mutari.
762 615 918 675 Nihil
963 617 1149 697 itaque
1176 615 1430 675 accidens
1460 617 1519 676 in
1546 620 1684 690 De0,
1719 618 1849 699 quia
1895 617 2038 676 nihil

299 704 567 764 mutabile
597 717 692 762 aut
737 704 1046 764 amissibile.
1087 703 1256 776 Quod
1288 705 1332 762 si
1362 717 1416 762 et
1453 704 1593 763 illud
1632 705 1743 765 dici
1787 706 2038 765 accidens

299 794 505 875 placet,
532 792 684 894 quod
708 792 838 852 licet
856 815 966 852 non
993 793 1298 866 amittatur,
1331 793 1599 853 minuitur
1627 808 1807 854 tamen
1829 795 1916 855 vel
1938 817 2039 854 au-

299 898 478 962 getur,
513 897 675 942 stcutl
691 897 769 942 est
794 885 991 943 animae
1019 885 1173 943 vita:
1203 906 1332 942 nam
1361 896 1414 942 et
1440 884 1690 966 quandiu
1724 886 1904 944 anima
1934 899 2034 957 est,

296 974 493 1033 tandiu
516 973 683 1045 Vivit,
722 986 775 1031 et
797 974 928 1053 quia
957 994 1168 1072 semper
1192 974 1371 1031 anima
1395 986 1495 1046 est,
1529 996 1743 1055 semper
1763 975 1922 1047 vivit,
1947 933 2041 1032 sed

288 1063 421 1160 quia
442 1063 612 1138 magis
660 1061 816 1132 vivit,
869 1082 999 1119 cum
1043 1062 1209 1141 sapit,
1242 1061 1532 1141 minusque
1562 1083 1690 1120 cum
1716 1063 1940 1163 desipit,
1970 1065 2040 1121 fit

290 1151 456 1209 etiam
478 1149 576 1207 hic
619 1147 802 1229 aliqua
832 1150 1088 1221 mutatiO,
1104 1171 1232 1222 non
1279 1161 1339 1207 ut
1364 1148 1503 1208 desit
1526 1150 1661 1223 vita,
1701 1153 1863 1210 sicuti
1892 1152 2042 1210 deest

294 1238 575 1319 insipienti
618 1237 904 1318 sapientia,
930 1237 1024 1296 sed
1049 1251 1111 1295 ut
1131 1238 1313 1295 minus
1335 1238 1405 1296 sit
1436 1260 1450 1295 :
1475 1259 1576 1297 nec
1607 1238 1714 1297 tale
1756 1239 1963 1322 aliquid
1986 1241 2044 1298 in

302 1329 419 1386 Deo
443 1328 528 1399 fit,
563 1327 694 1408 quia
723 1328 948 1384 omnino
975 1325 1451 1384 incommutabilis
1471 1340 1672 1387 manet.

378 1418 477 1479 VI.
509 1416 890 1490 Quamobrem
905 1414 1048 1474 nihil
1063 1416 1122 1473 in
1142 1437 1205 1474 eo
1228 1409 1531 1474 secundum
1547 1415 1802 1475 accidens
1816 1416 2040 1490 dicitur,

301 1507 432 1588 quia
466 1505 610 1565 nihil
659 1506 710 1564 ei
758 1504 960 1564 accidit
983 1529 998 1574 3
1041 1526 1142 1563 nec
1186 1517 1370 1563 tamen
1402 1526 1563 1563 omne
1605 1505 1758 1587 quod
1813 1506 2036 1567 dicitur.

300 1595 621 1656 Secundum
637 1595 1005 1654 substantiam
1021 1594 1246 1654 dicitur.
1286 1596 1352 1652 In
1369 1595 1531 1678 rebus
1565 1596 1712 1653 enim
1733 1597 1930 1655 creatis
1960 1610 2047 1655 at-

298 1708 406 1769 que
421 1684 787 1745 mutabilibus
802 1684 953 1765 quod
967 1706 1081 1742 non
1097 1683 1403 1743 secundum
1422 1685 1785 1743 substantiam
1807 1685 2034 1758 dicitur,

296 1789 463 1834 restat
482 1789 545 1834 ut
574 1773 877 1833 secundum
925 1772 1181 1831 accidens⁴
1206 1772 1425 1831 dicatur
1451 1795 1465 1830 ε
1506 1774 1690 1831 omnia
1720 1773 1868 1831 enim
1899 1774 2041 1832 acci-

298 1865 439 1924 dunt
456 1866 529 1923 eis
554 1885 680 1945 quae
703 1862 790 1922 vel
808 1862 987 1920 amitti
1002 1875 1231 1942 possunt
1247 1861 1333 1920 vel
1357 1862 1554 1934 minui,
1576 1875 1629 1920 et
1640 1861 2041 1938 magnitudines

299 1968 354 2014 et
386 1955 697 2035 qualitateS,
726 1965 780 2009 et
805 1949 960 2032 quod
994 1949 1199 2007 dicitur
1230 1948 1301 2007 ad
1330 1949 1559 2030 aliquid,
1589 1950 1732 2008 sicut
1753 1949 2034 2021 amicitiae,

297 2043 762 2126 propinquitateS,
797 2039 1100 2110 servituteS,
1135 2038 1539 2111 similitudineS,
1567 2039 1903 2119 aequalitates
1928 2052 1982 2098 et
1997 2039 2042 2097 si

299 2155 410 2215 qua
441 2129 786 2210 huiusmodi,
815 2143 868 2188 et
897 2130 1029 2188 situs
1065 2142 1120 2186 et
1155 2128 1404 2200 habitus,
1437 2141 1504 2191 et
1531 2127 1654 2186 loca
1681 2141 1735 2186 et
1763 2142 2036 2210 tempora,

297 2237 352 2282 et
381 2244 550 2304 opera
580 2234 741 2302 atque
762 2218 1057 2300 passiones,
1094 2218 1160 2274 In
1191 2217 1308 2275 Deo
1333 2229 1516 2274 autem
1545 2215 1688 2283 nihil
1715 2216 1940 2298 quidem
1963 2239 2041 2275 se-

297 2311 546 2372 cundum
575 2308 828 2368 accidens
857 2306 1084 2375 dicitur,
1121 2303 1250 2387 quia
1279 2305 1476 2363 nihil
1462 2327 1519 2363 ln
1548 2325 1611 2363 eo
1640 2305 1906 2364 mutabile
1928 2319 2036 2375 est;

295 2424 397 2462 nec
425 2417 607 2460 tamen
646 2419 807 2456 omne
834 2395 988 2477 quod
1040 2395 1269 2466 dicitur,
1318 2394 1623 2454 secundum
1675 2395 2038 2454 substantiam

296 2491 519 2550 dicitur.
560 2488 778 2547 Dicitur
812 2486 958 2544 enim
1000 2484 1070 2542 ad
1100 2483 1340 2565 aliquid,
1373 2485 1514 2543 sicut
1547 2486 1710 2542 Pater
1740 2484 1809 2542 ad
1836 2484 2035 2543 Filium

295 2595 347 2639 et
380 2579 549 2638 Filius
573 2578 640 2636 ad
668 2578 890 2634 Patrem
909 2622 922 2645 ,
964 2573 1115 2655 quod
1144 2595 1257 2632 non
1279 2587 1357 2632 est
1382 2573 1636 2632 accidens
1666 2595 1679 2630 ε
1723 2573 1853 2653 quia
1874 2586 1928 2631 et
1946 2573 2036 2632 ille

294 2691 507 2751 semper
528 2669 715 2739 Pater,
737 2679 788 2723 et
805 2665 895 2723 ille
915 2686 1138 2745 semper
1130 2669 1184 2722 Ι
1188 2664 1335 2732 ilius3
1352 2677 1404 2722 et
1421 2684 1534 2720 non
1554 2663 1629 2720 ita
1649 2683 1865 2743 semper
1880 2665 2037 2744 quasi

290 2781 350 2818 ex
363 2780 474 2840 quo
485 2770 646 2815 natus
668 2768 748 2813 est
770 2753 960 2824 Filius,
977 2766 1037 2810 ut
1053 2775 1112 2811 ex
1135 2774 1197 2810 eo
1222 2751 1375 2832 quod
1393 2772 1676 2832 nunquam
1700 2751 1911 2810 desinat
1927 2773 2035 2811 esse
2101 2783 2109 2787 «

291 2848 486 2918 Filius,
520 2847 685 2903 Pater
711 2865 820 2902 non
843 2842 1054 2919 desinat
1081 2862 1191 2900 esse
1207 2843 1404 2908 Pate13
1441 2839 1534 2897 sed
1556 2862 1616 2898 ex
1637 2861 1698 2898 eo
1722 2839 1875 2920 quod
1900 2861 2037 2898 sem-

292 2957 392 3016 per
420 2948 581 2992 natus
598 2946 676 2992 est
699 2931 890 3001 Filius,
921 2952 1023 2988 nec
1049 2930 1224 3010 coepit
1249 2949 1495 3009 unquam
1516 2950 1624 2987 esse
1646 2928 1831 2988 Filius.
1866 2929 2032 3001 Quod

292 3024 336 3082 si
366 3021 662 3103 aliquando
703 3041 812 3078 esse
843 3019 1127 3099 coepisset,
1172 3030 1267 3074 aut
1302 3016 1600 3098 aliquando
1630 3038 1739 3076 esse
1769 3016 2034 3076 desineret

211 3110 215 3113 ’
290 3111 481 3184 Filius,
505 3108 806 3169 secundum
830 3106 1080 3165 accidens
1104 3104 1394 3166 diceretur.
1428 3107 1485 3164 Si
1508 3126 1636 3165 vero
1656 3104 1806 3186 quod
1827 3104 2038 3164 dicitur

287 3206 480 3274 Pater,
518 3197 587 3257 ad
617 3219 670 3256 se
726 3197 906 3277 ipsum
941 3194 1237 3267 diceretur,
1283 3216 1396 3253 non
1425 3194 1494 3254 ad
1542 3193 1739 3252 Filium
1752 3214 1767 3266 ;
1798 3205 1852 3252 et
1881 3193 2032 3274 quod
