2144 3808
527 338 596 379 DE
641 338 964 393 TRtNrrA'rE,
1011 340 1121 381 Lm.
1173 341 1300 382 xm.
1677 322 1793 386 513

64 415 324 491 arbitror,
349 421 696 501 explicatum.
730 422 886 480 Fides
930 436 1106 480 autem
1137 423 1238 482 ista
1287 431 1470 482 'totum
1510 424 1793 486 hominem

59 507 421 567 immortalem
449 510 718 582 futurum,
752 511 847 591 qui
874 511 1062 591 utique
1085 525 1297 570 constat
1315 534 1374 569 ex
1403 513 1581 571 anima
1607 528 1660 572 et
1674 536 1793 573 cor·

62 617 218 674 pore,
251 610 303 654 et
329 598 402 654 ob
434 598 543 656 hoc
568 620 688 657 vere
733 599 956 657 beatum
983 646 997 670 ,
1032 622 1142 657 non
1183 602 1649 675 argumentatione
1680 603 1796 661 hu-

63 705 246 756 mana,
280 685 371 743 sed
399 685 584 743 divina
619 687 938 744 auctoritate
962 688 1255 766 promittit.
1290 690 1357 744 lit
1381 687 1503 745 ideo
1535 710 1659 746 cum
1682 689 1795 748 dic-

61 784 179 828 tum
208 786 341 831 esset
367 774 422 831 in
449 774 764 849 EvangeliO,
793 774 946 855 quod
977 776 1131 832 Jesus
1161 802 1185 827 c<
1223 775 1447 832 Dederit
1468 789 1795 854 potestatem

62 884 90 911 >2
120 858 259 917 filios
282 861 382 918 Dei
410 862 526 918 fieri
554 861 619 918 iis
644 861 740 940 qui
787 882 912 919 eum
954 861 1347 940 receperunt13
1378 889 1402 914 »
1446 875 1500 918 et
1541 864 1678 943 quid
1726 864 1794 923 sit

59 949 324 1028 recepisse
335 970 482 1020 eum,
503 950 740 1007 breviter
762 948 1288 1030 fuissetexpositum,
1310 949 1544 1007 dicendo
1572 973 1585 1007 ε
1615 979 1640 1005 «
1667 952 1794 1010 Cre-

61 1060 88 1086 »
122 1034 381 1093 dentibus
391 1036 449 1093 in
463 1037 680 1093 nomine
695 1041 806 1112 ejus
827 1063 841 1105 3
865 1065 889 1090 n
914 1059 1133 1117 quoque
1151 1037 1317 1119 modo
1335 1037 1434 1094 filii
1459 1038 1558 1095 Dei
1578 1040 1789 1111 fierent,

59 1135 192 1179 esset
222 1122 545 1198 adjunctum
578 1146 591 1180 ε
631 1149 656 1175 c<
682 1125 792 1195 Qui
821 1147 930 1182 non
977 1137 1054 1181 est
1097 1124 1452 1199 sanguinibus
1476 1171 1491 1195 ,
1531 1147 1706 1206 neque
1735 1148 1795 1184 ex

61 1235 88 1262 n
117 1209 395 1268 voluntate
427 1211 627 1279 caruiS‚
662 1232 836 1290 neque
866 1233 922 1268 ex
964 1211 1244 1270 voluntate
1267 1211 1394 1281 viri,
1427 1210 1520 1268 sed
1563 1233 1622 1268 ex
1677 1213 1792 1270 Deo

60 1324 87 1351 ))
120 1299 234 1356 nati
263 1311 426 1356 sunt:
459 1325 484 1351 ›>
505 1321 571 1356 ne
600 1299 700 1357 ista
730 1300 1021 1357 hominum
1056 1321 1223 1379 quam
1264 1299 1508 1356 videmus
1533 1312 1585 1356 et
1612 1314 1790 1375 gesta-

57 1407 180 1444 mus
202 1387 491 1445 infirmitas
514 1400 721 1444 tantam
748 1387 1112 1446 excellentiam
1148 1387 1480 1466 desperaret,
1512 1386 1661 1445 illico
1688 1410 1791 1447 an—

58 1496 253 1532 nexum
283 1488 363 1533 est
389 1498 403 1532 :
434 1502 460 1528 «
490 1477 560 1532 Et
579 1475 823 1533 Verbum
848 1498 975 1534 caro
997 1476 1206 1533 factum
1229 1488 1328 1545 est,
1355 1488 1408 1532 et
1430 1474 1706 1534 habitavit
1734 1477 1791 1534 in

59 1589 85 1615 »
114 1563 300 1631 nobis;
327 1590 351 1616 ›>
373 1577 432 1622 ut
449 1586 478 1621 a
501 1564 778 1621 contrario
800 1564 1119 1622 suaderetur
1133 1563 1283 1644 quod
1300 1563 1620 1621 incredibile
1642 1564 1790 1623 vide-

56 1650 240 1712 batur.
274 1654 330 1710 Si
355 1654 498 1711 enim
528 1666 723 1710 natura
753 1653 851 1710 Dei
880 1653 1048 1711 Filius
1079 1666 1307 1733 propter
1337 1653 1477 1710 filios
1497 1652 1786 1712 hominum

56 1740 427 1799 misericordia
473 1741 647 1799 factus
691 1754 769 1797 est
811 1741 1053 1798 hominis
1090 1740 1256 1810 filius,
1309 1741 1420 1797 hoc
1466 1753 1550 1797 est
1597 1741 1741 1798 enim
1770 1761 1784 1796 ε

58 1854 83 1880 «
107 1828 349 1888 Verbum
378 1850 504 1887 caro
535 1828 741 1887 factum
764 1842 863 1898 est,
891 1842 943 1886 et
969 1829 1245 1886 habitavit
1263 1829 1320 1885 in
1349 1827 1554 1885 nobis»
1600 1828 1786 1886 homi-

55 1917 219 1975 nibus
246 1940 260 1975 t
297 1931 499 1999 quanto
519 1931 596 1975 est
619 1917 959 1988 credibilius,
981 1930 1172 1975 natura
1194 1917 1334 1974 filios
1350 1916 1590 1973 hominis
1616 1917 1790 1992 gratia

54 2006 159 2062 Dei
185 2005 323 2063 filios
350 2006 447 2063 Dei
474 2005 612 2074 fieri,
646 2018 699 2062 et
726 2004 980 2062 habitare
1014 2004 1071 2061 in
1102 2005 1239 2074 De0‚
1274 2004 1330 2061 in
1361 2002 1612 2083 quosolo
1637 2017 1690 2061 et
1718 2003 1786 2062 de

55 2115 165 2174 quo
179 2094 291 2152 solo
321 2116 431 2152 esse
460 2108 690 2176 possunt
723 2094 870 2151 beati
894 2094 1190 2173 participes
1216 2091 1644 2149 immortalitatis
1666 2097 1781 2167 ejus

53 2184 256 2252 effecti3
290 2196 520 2263 propter
539 2182 693 2262 quod
723 2180 1164 2261 persuadendum
1184 2180 1285 2237 Dei
1312 2179 1477 2236 Filius
1506 2180 1783 2259 particeps

11 2321 22 2332 ,
53 2286 254 2330 nostrae
280 2272 621 2330 mortalitatis
650 2273 871 2329 effectus
892 2274 1006 2328 est?

133 2362 293 2420 Xlll.
327 2362 433 2417 Eos
462 2361 646 2440 itaque
669 2359 766 2438 qui
787 2358 1017 2416 dicunt:
1041 2358 1220 2414 Ita-ne
1245 2355 1429 2414 defuit.
1445 2356 1561 2412 Deo
1587 2355 1783 2414 modus

55 2449 213 2520 alius,
252 2470 362 2528 quo
386 2448 645 2506 liberaret
674 2447 924 2504 homines
945 2469 973 2503 a
999 2445 1213 2503 miseria
1241 2443 1584 2502 mortalitatis
1608 2443 1776 2520 hujus

52 2551 116 2596 ut
148 2537 483 2612 unigenitum
525 2535 724 2593 Filium
765 2536 941 2592 Deum
972 2534 1074 2591 sibi
1105 2545 1436 2590 coaeternum
1457 2577 1470 2602 ,
1501 2531 1781 2589 hominem

51 2626 169 2684 fieri
188 2624 369 2694 vellet,
398 2622 678 2681 induendo
695 2622 998 2680 humanam
1027 2620 1262 2678 animam
1287 2632 1341 2676 et
1366 2639 1605 2687 carnem,
1640 2640 1783 2676 mor-

51 2713 324 2792 talemque
341 2711 545 2769 factum
569 2723 799 2768 mortem
829 2709 1079 2789 perpeti?
1106 2728 1303 2787 parum
1329 2718 1407 2763 est
1422 2706 1497 2763 sic
1518 2704 1777 2773 refellere,

52 2814 115 2859 ut
142 2801 308 2858 istum
332 2799 561 2857 modum
593 2819 704 2879 quo
741 2819 839 2855 nos
885 2819 983 2877 per
1005 2795 1361 2854 Mediatorem
1388 2794 1488 2851 Dei
1511 2806 1563 2850 et
1594 2793 1782 2878 ljomi-

51 2908 185 2947 num
218 2887 495 2946 hominem
531 2886 813 2944 Christum
839 2886 1025 2943 Jesum
1059 2887 1204 2942 Deus
1231 2883 1464 2940 liberare
1493 2881 1774 2958 dignatur,

39 2968 347 3035 ⁴asseramus
367 2975 578 3032 bonum
607 2987 660 3032 et
674 2974 878 3032 divinae
908 2993 1212 3049 congruum
1240 2970 1491 3046 dignitati
1516 2991 1529 3026 ε
1562 2991 1780 3028 verum-

50 3065 211 3122 etiam
239 3075 299 3120 ut
327 3061 672 3119 ostendamus
711 3082 822 3117 non
851 3060 1015 3118 alium
1055 3058 1276 3116 modum
1304 3056 1616 3137 possibilem
1657 3057 1774 3115 Deo

54 3149 283 3211 defuisse
301 3196 316 3220 ,
359 3154 517 3226 cujus
566 3149 820 3229 potestati
870 3160 1068 3207 cuncta
1121 3145 1403 3226 aequaliter
1452 3144 1734 3219 subjacent
1757 3191 1772 3217 ,

118 3253 338 3303 ¹J0an.1‘‚
361 3269 429 3296 12.

279 3337 528 3377 cxxxvii.
810 3364 820 3373 ,
1538 3315 1611 3369 :353
