2144 3808
308 311 327 348 1
342 290 417 348 60
830 306 875 345 s.
929 305 1234 344 Aucusrlm
1278 305 1534 345 EPISCOPI

296 412 425 474 quae
441 402 557 449 tota
581 388 694 449 sine
712 387 887 448 dubio
909 387 1087 448 forma
1113 387 1425 466 agnoscitur
1444 388 1605 462 servi,
1633 390 1899 470 quoniam
1918 405 2035 452 tota

295 481 461 541 servit
488 492 740 540 creatura
767 478 1030 538 Creatori.

380 570 584 630 XXVI.
631 581 686 628 1⁰
732 569 1013 626 Postrema
1041 566 1149 624 tibi
1178 565 1475 648 disputatio
1503 567 1630 641 fuit,
1658 569 1939 650 quomodo
1969 571 2038 640 sit

300 659 450 718 Deus
478 658 740 716 Patribus
769 655 916 715 visus
940 700 955 727 ,
988 653 1211 736 quando
1253 676 1457 736 corpus
1482 655 1789 716 humanum
1834 659 1893 717 in
1921 680 2034 740 quo

295 747 576 809 videretur
604 744 853 804 nondum
883 757 1168 824 acceperat
1195 743 1470 817 Christus,
1500 766 1628 804 cum
1647 745 1938 806 invisibilis
1969 749 2037 806 sit

293 860 394 920 per
416 859 469 897 se
490 837 612 918 ipsa
641 834 827 894 divina
849 846 1065 892 natura.
1097 831 1265 905 Quod
1290 855 1419 891 cum
1444 835 1607 893 etiam
1630 848 1691 894 tu
1719 835 1795 894 ita
1819 834 2037 895 confes-

293 949 381 986 sus
411 925 601 997 fueriS,
644 937 706 983 ut
750 923 893 981 inter
935 935 1131 980 caetera
1175 944 1288 980 non
1335 922 1512 981 solum
1541 923 1794 997 Patrem,
1819 925 1912 984 sed
1935 948 2036 986 nec

294 1017 481 1098 ipsum
510 1014 711 1088 Filium
744 1014 803 1071 in
833 1011 1137 1070 substantia
1168 1012 1483 1070 Divinitatis
1516 1035 1629 1072 suae
1672 1014 1876 1074 diceres
1924 1036 2035 1074 esse

291 1104 565 1166 visibilem
584 1151 598 1175 ,
629 1125 741 1161 non
783 1101 959 1160 solum
990 1099 1314 1159 hominibus
1337 1148 1351 1173 ,
1386 1101 1479 1159 sed
1510 1125 1610 1161 nec
1637 1104 1769 1184 ipsis
1793 1100 2036 1164 coelesti—

292 1195 401 1253 bus
435 1192 814 1252 Potestatibus
841 1213 854 1248 :
890 1203 1076 1271 postea
1106 1202 1316 1248 mutata
1348 1192 1615 1250 sententia
1639 1192 1776 1252 dicis
1804 1215 1952 1266 eum,
1983 1207 2037 1252 et

276 1280 416 1343 ¹ante
445 1282 878 1342 incarnationem
895 1301 1048 1338 suam
1075 1278 1464 1359 conspectibus
1493 1283 1808 1362 apparuisse
1835 1296 2036 1342 morta-

288 1371 460 1444 lium,
495 1391 726 1429 asserens
757 1367 899 1426 ill-ud
930 1366 1084 1447 quod
1126 1368 1200 1424 ait
1238 1367 1533 1446 Apostolus
1559 1391 1573 1426 :
1601 1395 1628 1422 c<
1657 1371 1839 1442 Quem
1873 1393 2033 1430 nemo

289 1488 318 1518 >2
343 1459 637 1520 hominum
674 1457 842 1530 vidit,
876 1477 978 1514 nec
1004 1455 1188 1515 videre
1214 1468 1397 1536 potest
1422 1454 1470 1528 1,
1495 1484 1522 1510 »
1550 1457 1618 1516 de
1640 1458 1754 1517 solo
1785 1461 1902 1518 Deo
1931 1464 2034 1518 Pa-

291 1564 373 1609 tre
412 1549 627 1608 dictum
674 1568 784 1605 esse
817 1568 831 1603 t
868 1545 1071 1604 Filium
1113 1567 1243 1603 vero
1274 1566 1332 1602 ex
1363 1545 1522 1604 initio
1552 1548 1761 1624 generis
1802 1548 2033 1608 humani

292 1638 468 1699 videri
489 1637 713 1696 solitum
739 1656 849 1693 esse
870 1634 942 1693 ab
966 1632 1308 1692 hominibus
1335 1633 1500 1705 Quod
1518 1657 1647 1694 cum
1672 1637 1908 1717 probare
1930 1659 2033 1697 vo-

291 1727 502 1798 luisseS,
535 1723 712 1784 multa
735 1723 803 1781 de
836 1721 1138 1803 Scripturis
1173 1721 1370 1780 sanctis
1402 1724 1704 1783 testimonia
1726 1725 2027 1805 protulisti,

292 1837 422 1898 quae
452 1829 503 1874 te
532 1812 675 1873 nihil
708 1811 975 1888 adjuvare
986 1823 1311 1891 potuerunt.
1346 1811 1472 1868 Non
1502 1813 1647 1870 enim
1667 1811 1797 1889 legis
1829 1813 2033 1872 alicubi

228 1929 230 1931 “
293 1905 568 1986 scripsisse
603 1905 853 1983 Moysen,
883 1901 1025 1958 sicut
1057 1898 1193 1957 dicis
1215 1947 1229 1972 ,
1268 1899 1420 1980 quod
1462 1901 1534 1959 ab
1579 1902 1674 1960 illo
1711 1903 1894 1983 primo
1923 1902 2033 1960 ho-

287 1995 434 2053 mine
460 1993 634 2052 Adam
662 2012 830 2073 usque
860 1990 930 2048 ad
954 1990 1131 2070 ipsam
1162 1990 1598 2049 incarnationem
1621 2014 1835 2073 semper
1862 1992 2032 2051 Filius

286 2084 435 2142 visus
461 2096 557 2142 est.
588 2077 712 2140 Hoc
744 2081 891 2138 enim
914 2101 1041 2137 eum
1067 2078 1375 2137 describere
1405 2082 1733 2160 pronuntias
1753 2082 1812 2140 in
1848 2083 2032 2140 Gene-

287 2193 402 2231 seos
423 2171 599 2244 libro,
634 2169 787 2252 quod
821 2169 898 2227 ita
927 2167 1121 2226 falsum
1151 2181 1267 2238 est,
1311 2181 1373 2226 ut
1397 2169 1560 2227 etiam
1587 2169 1888 2228 ridiculum
1937 2171 2022 2230 sit.

287 2259 578 2342 Numquid
598 2256 900 2317 enimliber
927 2257 1217 2328 GeneseOS,
1254 2256 1324 2314 ab
1353 2257 1528 2315 Adam
1554 2279 1724 2340 usque
1744 2258 1814 2316 ad
1842 2258 2030 2316 incar-

285 2349 566 2408 nationem
597 2346 829 2418 Christi,
869 2367 931 2404 ea
971 2366 1098 2426 quae
1135 2358 1282 2421 gesta
1311 2359 1438 2403 sunt
1471 2347 1746 2406 continet?
1775 2348 1886 2406 Aut
1913 2347 2028 2426 ipse
2056 2415 2060 2421 ¹

287 2438 503 2518 Moyses
544 2441 715 2517 us'que
744 2434 816 2493 ad
861 2447 1112 2515 tempora
1150 2435 1540 2494 incarnationis
1587 2436 1826 2506 Christi,
1855 2435 1943 2494 vel
1969 2435 2028 2493 in

286 2551 447 2588 carne
462 2529 614 2595 vixit,
643 2526 731 2587 vel
760 2548 822 2585 ea
853 2547 982 2609 quae
1009 2525 1154 2584 facta
1179 2528 1583 2607 suntscripsitP
1617 2528 1755 2587 Haec
1777 2525 1939 2597 dicis,
1969 2537 2022 2582 et

282 2632 445 2701 putas
475 2631 528 2676 te
553 2615 766 2697 aliquid
796 2614 1006 2686 dicere,
1044 2614 1131 2673 vel
1173 2614 1388 2694 putaris
1417 2615 1488 2672 ab
1525 2615 1622 2685 εἰς,
1647 2615 1745 2695 qui
1793 2635 1894 2673 nec
1923 2614 2026 2673 ista

284 2723 537 2792 possunt,
571 2717 698 2790 quae
718 2720 828 2765 tam
856 2704 1137 2764 manifeste
1168 2705 1302 2764 falsa
1318 2717 1465 2776 sunt,
1496 2726 1729 2765 cernere.

371 2812 430 2858 2⁰
459 2797 671 2857 Dei-nde
710 2794 860 2876 quod
900 2815 1291 2852 commemoras
1325 2793 1543 2851 Patrem
1574 2794 1644 2852 ad
1693 2794 1890 2853 Filium
1932 2793 2026 2853 di-

286 2901 498 2947 centem
529 2909 542 2944 :
572 2913 597 2941 t(
629 2885 915 2944 Faciamus
948 2882 1231 2941 hominem
1255 2880 1324 2940 ad
1355 2881 1648 2959 imaginem
1688 2896 1742 2942 et
1762 2883 2023 2943 similitu-=

283 3003 312 3031 »
331 2978 514 3035 dinem
543 2988 785 3032 nostram
810 2972 833 3008 2
862 2993 876 3028 ε
910 2998 936 3024 »
969 2971 1105 3051 quid
1127 2970 1236 3029 hoc
1267 2969 1338 3028 ad
1359 2992 1473 3029 rem
1502 2974 1759 3053 pertinet,
1785 2993 1916 3048 rogo
1943 2984 2018 3043 te,

283 3064 423 3148 quid
448 3063 519 3123 ad
549 3084 663 3121 rem
685 3060 964 3142 pertinet?
992 3060 1330 3117 Tantum-ne
1352 3060 1455 3119 tibi
1481 3061 1717 3119 vacabat
1749 3060 1925 3141 loqui,
1960 3073 2022 3119 ut

282 3175 398 3214 non
427 3150 709 3213 attendens
735 3147 872 3231 quid
888 3147 1126 3229 probare
1152 3148 1471 3230 susceperiS,
1509 3149 1822 3209 memoriter
1858 3147 2021 3209 nobis

344 3262 359 3293 ¹
388 3277 403 3303 1
429 3256 536 3302 Tim.
557 3270 612 3311 vx,
640 3256 707 3298 16.
730 3277 784 3286 -—
807 3250 828 3282 2
851 3253 958 3295 Gen.
983 3265 1015 3309 1,
1041 3253 1109 3293 26.
