2144 3808
275 319 391 377 508
781 337 823 375 5.
879 333 1180 374 1000511111
1227 332 1481 372 EP1SCOP1

273 421 442 481 beant
458 467 474 491 ,
499 438 665 499 quam
690 431 751 476 ut
770 418 954 490 omnia
979 416 1120 475 bene
1147 414 1315 475 velint
1343 414 1506 471 etiam
1529 413 1572 472 si
1591 434 1703 472 non
1724 413 2000 471 habeant?

276 511 363 583 An
399 508 519 589 ipsa
565 520 644 565 051
670 507 914 588 pravitas
941 504 1144 581 generis
1183 502 1412 561 humani
1435 549 1449 571 ‚
1489 515 1550 560 ut
1584 523 1709 561 cum
1757 522 1846 559 eos
1887 521 2028 560 non

275 597 468 668 lateat,
500 619 602 655 nec
625 596 780 655 illum
811 596 1035 653 beatum
1065 615 1172 652 0550
1206 593 1301 673 qui
1325 591 1476 673 quod
1502 592 1622 650 vult
1651 613 1762 649 non
1794 591 1965 649 habet
1984 637 1999 662 ,

274 686 544 745 necillum
561 683 821 767 quiquod
844 684 984 742 male
999 682 1118 742 vult
1135 683 1333 749 habet,
1359 680 1448 738 sed
1474 680 1629 738 illum
1650 682 1745 761 qui
1766 694 1818 738 01
1835 680 2006 737 habet

273 773 776 855 quaecumquevult
796 773 945 830 bona
966 819 980 843 ,
1006 786 1058 830 01
1081 771 1230 829 nulla
1247 769 1367 828 vult
1389 768 1530 826 mala
1549 815 1564 840 ,
1594 790 1652 826 ex
1678 769 1763 826 his
1787 768 2006 826 duobus

271 863 476 942 quibus
494 862 654 920 beata
677 861 787 920 vita
799 860 1106 941 perficitur,
1129 857 1351 939 quando
1374 870 1668 937 utrumque
1689 878 1800 914 non
1815 855 2001 927 datur,

270 949 330 1008 id
358 950 591 1026 eligatur
617 949 832 1029 potiuS,
879 948 1026 1006 unde
1065 947 1237 1026 magis
1280 969 1310 1004 a
1344 946 1509 1010 ‚beata
1543 945 1654 1002 vita
1695 943 2003 1011 receditur;

274 1037 525 1117 (longius
551 1037 762 1116 quippe
792 1036 863 1092 ab
895 1035 987 1092 illa
1018 1048 1097 1090 est
1125 1035 1461 1112 quicumque
1503 1032 1825 1112 adipiscitur
1868 1031 2007 1090 male

271 1124 568 1202 concupita
590 1168 603 1188 ,
643 1143 808 1202 quam
835 1121 931 1200 qui
961 1142 1074 1195 11011
1104 1120 1428 1200 adipiscitur
1458 1120 1793 1200 concupita)
1823 1146 1837 1189 3
1879 1141 2007 1178 cum

269 1212 456 1291 potius
469 1210 594 1286 eligi
609 1209 863 1268 debuerit
885 1209 1138 1267 voluntas
1154 1210 1299 1267 bona
1320 1255 1333 1279 ,
1362 1221 1525 1288 atque
1541 1210 1824 1290 praeponi,
1845 1209 2007 1267 etiam

270 1321 384 1358 non
409 1299 625 1379 ,adepta
662 1319 790 1379 quae
829 1299 1081 1378 appetit?
1119 1298 1465 1378 Propinquat
1493 1298 1637 1355 enim
1679 1298 1838 1356 beato
1861 1345 1874 1368 ,
1911 1299 2009 1378 qui

268 1386 409 1445 bene
430 1386 549 1446 vult
579 1407 946 1466 quaecumque
974 1386 1123 1458 vult,
1158 1400 1211 1443 01
1249 1407 1376 1466 quae
1406 1385 1634 1465 adeptus
1677 1407 1803 1443 cum
1844 1385 2012 1444 fuerit

200 1503 204 1508 ·
267 1475 460 1552 beatus
477 1475 596 1533 erit.
632 1478 698 1532 tit
717 1475 906 1555 utique
927 1496 1037 1533 non
1060 1474 1199 1533 mala
1227 1521 1240 1545 ,
1262 1474 1354 1531 sed
1374 1474 1754 1532 bonaheatum
1772 1474 2004 1541 faciunt,

268 1562 494 1643 quando
521 1562 765 1624 faciunt:
814 1584 1054 1643 quorum
1089 1563 1364 1621 bonorum
1398 1563 1566 1621 habet
1607 1562 1812 1643 aliquid
1847 1567 1961 1638 jam
1984 1609 1999 1634 ‚

265 1650 436 1731 idque
465 1673 574 1710 non
597 1652 758 1732 parvi
782 1652 1169 1710 aestimandum
1193 1699 1208 1723 ,
1241 1674 1358 1709 eam
1385 1653 1559 1732 ipsam
1587 1652 1792 1709 scilicet
1814 1650 2006 1709 volun-

266 1752 433 1797 tatem
470 1741 704 1810 bonam,
737 1741 832 1824 qui
863 1740 930 1798 de
960 1741 1121 1798 bonis
1154 1762 1390 1820 quorum
1431 1762 1602 1820 capax
1644 1753 1722 1797 est
1765 1740 2005 1798 humana

266 1841 465 1886 natura
487 1875 502 1900 ,
537 1850 647 1886 non
681 1828 749 1886 de
789 1828 951 1887 ullius
990 1828 1120 1887 mali
1150 1829 1552 1910 perpetratione
1588 1829 1674 1888 vel
1715 1828 2006 1908 adeptione

268 1916 501 1991 gaudere
526 1916 826 1987 desiderat,
859 1930 911 1974 et
934 1917 1082 1975 bona
1104 1963 1118 1987 ,
1150 1917 1335 1997 qualia
1363 1930 1416 1973 et
1448 1916 1502 1973 iu
1533 1916 1642 1974 hac
1673 1917 1866 1974 misera
1895 1918 2007 1975 vita

267 2025 375 2062 0550
399 2017 626 2085 possunt
646 2051 660 2072 ‚
691 2003 983 2084 prudenti,
1015 2004 1377 2084 temperanti,
1406 2003 1536 2061 forti
1554 2050 1568 2074 ,
1595 2018 1646 2061 et
1663 2009 1808 2079 justa
1830 2017 2007 2062 mente

267 2105 526 2165 sectatur,
551 2106 604 2150 et
629 2106 899 2172 quantum
929 2093 1093 2150 datur
1123 2093 1447 2172 assequitur,
1482 2105 1545 2149 ut
1573 2092 1735 2150 etiam
1764 2091 1824 2150 in
1854 2091 2010 2150 malis

264 2181 332 2238 sit
359 2182 569 2254 bonUS,
601 2195 653 2239 et
690 2182 860 2240 finitis
889 2181 1046 2240 malis
1084 2182 1341 2240 omnibus
1378 2194 1541 2262 atque
1571 2180 1811 2262 impletis
1848 2181 2009 2238 bonis

264 2270 520 2346 omnibus
541 2270 609 2327 sit
631 2271 842 2330 beatus,

284 2431 289 2434 Δ
345 2360 413 2418 Χ.
447 2361 524 2417 Ac
555 2380 653 2439 per
675 2359 873 2418 hoc‘in
896 2359 997 2417 ista
1020 2359 1241 2418 mortali
1270 2359 1384 2418 vita
1413 2358 1693 2417 erroribus
1718 2358 2010 2417 aerumnis-

260 2468 380 2527 que,
403 2447 719 2527 plenissima
739 2494 753 2519 ,
797 2448 1083 2528 praecipue
1130 2447 1265 2506 fides
1308 2461 1387 2506 est
1431 2447 1727 2506 necessaria
1747 2493 1762 2518 ,
1810 2467 1921 2527 qua
1952 2446 2010 2505 in

261 2537 439 2594 Deum
465 2536 725 2596 creditur.
759 2538 885 2595 Non
904 2538 1050 2595 enim
1072 2532 1439 2618 quaecumque
1462 2538 1609 2595 bona
1629 2583 1644 2608 ,
1670 2536 2010 2616 maximeque

259 2624 351 2683 illa
381 2625 584 2703 quibus
611 2625 844 2705 quisque
868 2627 933 2683 fit
959 2626 1141 2684 bonus
1164 2672 1180 2698 ,
1211 2639 1266 2683 et
1293 2625 1386 2683 illa
1408 2625 1613 2706 quibus
1639 2625 1733 2682 fiet
1774 2624 1969 2681 beatus
1989 2670 2003 2696 ,

258 2712 404 2770 unde
429 2712 531 2770 nisi
554 2717 724 2782 a,Deo
746 2714 803 2771 in
825 2714 1104 2773 hominem
1129 2715 1380 2786 veniant,
1411 2727 1464 2773 et
1480 2713 1693 2771 homini
1718 2713 2004 2784 accedant,

260 2799 493 2858 inveniri
516 2813 713 2879 potest.
751 2801 1111 2865 Cumautem
1143 2823 1204 2859 ex
1228 2801 1336 2859 hac
1360 2803 1472 2862 vita
1509 2801 1580 2859 ab
1613 2823 1676 2859 eo
1706 2803 1801 2882 qui
1835 2802 1893 2859 in
1923 2801 2011 2858 his

257 2887 484 2946 miseriis
514 2887 689 2945 fidelis
719 2902 772 2945 et
807 2889 987 2947 bonus
1017 2903 1125 2961 est,
1170 2903 1394 2949 ventum
1439 2889 1605 2947 fuerit
1641 2889 1709 2946 ad
1749 2891 1963 2948 beatam
1990 2937 2003 2961 ,

257 2989 391 3032 tunc
423 2975 526 3031 erit
555 2997 678 3033 vere
700 2977 851 3056 quod
883 2998 1031 3035 nunc
1055 2999 1164 3036 esse
1196 2977 1349 3036 nullo
1376 2977 1543 3036 modo
1578 2987 1788 3057 potest,
1834 2990 1895 3035 ut
1933 2979 2010 3036 sic

228 3063 431 3121 «homo
456 3061 608 3119 vivat
631 3053 912 3142 quomodo
935 3064 1070 3124 vult.
1103 3067 1228 3123 Non
1251 3066 1396 3124 enim
1421 3064 1568 3124 volet
1591 3065 1731 3123 male
1751 3065 1932 3124 vivere
1950 3067 2007 3125 in

255 3149 350 3210 illa
377 3146 634 3206 felicitate
656 3195 670 3220 ,
722 3163 816 3206 aut
849 3151 994 3208 volet
1033 3151 1239 3233 aliquid
1269 3152 1422 3235 quod
1455 3152 1660 3225 deerit,
1705 3165 1799 3211 aut
1837 3152 2009 3212 deerit

246 3235 400 3319 quod
429 3231 679 3296 voluerit.
725 3235 1019 3318 Quidquid
1042 3240 1343 3314 amabitur,
1368 3240 1578 3299 aderit:
1606 3261 1707 3299 nec
1727 3239 2005 3299 desidera-
