2144 3808
305 298 574 339 COLLATIO
620 298 733 335 CUM
775 296 1063 336 MAXIMINO
1109 297 1443 341 AntANORUM
1485 302 1659 342 EPISC.
1763 305 1829 365 17

117 382 415 441 secundum
431 378 776 461 Apostolum,
803 398 911 435 non
928 377 1160 457 pusillus
1177 378 1269 436 sed
1294 402 1521 455 magnus
1551 385 1714 445 Deus,
1750 387 1833 446 Si-

116 483 215 553 cut
253 471 327 529 ait
373 471 563 527 beatus
615 466 816 524 Paulus
851 488 864 523 ε
924 492 948 519 α
972 467 1327 546 Expectantes
1356 468 1574 527 beatam
1602 493 1754 551 spem
1781 488 1835 533 et

33 574 38 575 ’
116 585 145 614 »
174 559 467 617 adventum
515 555 701 632 gloriae
729 554 910 630 magni
951 554 1051 612 Dei
1079 567 1132 611 et
1161 555 1453 614 Salvatoris
1500 561 1671 616 nostri
1706 562 1835 620 Jesu
1861 609 1869 618 .

118 675 144 704 n
167 647 373 706 Christi
392 645 434 706 1.
466 646 611 702 »Iste
626 643 770 702 enim
792 664 1019 719 magnus
1043 647 1191 701 Deus
1214 644 1464 703 Christus
1489 644 1647 718 dicit,
1687 650 1839 729 quod
1864 641 1867 645 ’

117 735 349 796 ascendo
400 734 470 793 ad
517 734 738 791 Patrem
782 753 965 790 meum
1007 746 1060 790 et
1098 737 1310 791 Patrem
1347 746 1585 793 vestrum
1603 782 1618 807 ,
1663 738 1842 795 Deum

36 867 38 870 v
114 848 292 886 meum
309 839 363 883 et
383 827 558 884 Deum
586 837 824 884 vestrum
838 823 880 882 2.
919 823 1002 880 De
1021 843 1116 890 sua
1136 823 1279 881 enim
1303 824 1639 900 subjectione
1667 847 1840 885 unum

114 914 300 974 statuit
322 915 516 972 Deum.
543 914 650 971 Iste
669 925 747 969 est
763 933 888 987 ergo
912 932 1051 969 unus
1076 912 1243 982 Deu5‚
1272 925 1334 970 ut
1349 916 1465 987 jam
1495 913 1843 973 recitavimus

114 1002 456 1073 testimonii8‚
493 1022 657 1083 quem
689 999 942 1057 Christus
974 1013 1029 1057 et
1067 999 1305 1079 Spiritus
1338 1015 1553 1060 sanctus
1582 1001 1836 1075 adorant,

112 1104 165 1150 et
194 1092 369 1150 omnis
399 1103 645 1148 creatura
672 1102 960 1148 veneratur
991 1102 1045 1146 et
1067 1088 1199 1147 colit
1227 1112 1240 1146 :
1274 1090 1380 1148 hac
1412 1091 1621 1148 ratione
1665 1113 1839 1150 unum

111 1179 453 1260 profitemur.
485 1205 512 1232 ³)

193 1291 221 1319 <c
243 1267 368 1324 Non
390 1280 573 1324 tamen
617 1264 769 1345 quod
815 1263 1093 1346 copulatio
1136 1265 1220 1322 vel
1243 1266 1530 1346 permixtio
1559 1269 1683 1327 Filii
1706 1290 1836 1327 cum

110 1354 307 1427 Patre,
343 1368 436 1412 aut
475 1354 563 1414 vel
587 1367 730 1412 certe
764 1353 1001 1434 Spiritus
1036 1354 1210 1411 sancti
1241 1376 1368 1412 cum
1403 1356 1537 1413 Filio
1577 1357 1664 1415 vel
1710 1379 1839 1416 cum

110 1444 296 1515 Patre,
325 1442 492 1502 faciat
515 1464 687 1500 unum
712 1444 911 1500 Deum.
948 1441 1053 1499 Sed
1084 1442 1214 1521 quia
1235 1443 1324 1500 ille
1360 1443 1503 1502 solus
1540 1467 1682 1503 unus
1707 1469 1836 1526 per-

109 1531 282 1591 fectus
307 1544 390 1589 est
411 1533 576 1602 DeUS,
593 1530 690 1609 qui
714 1543 776 1587 ut
795 1528 910 1609 ipse
933 1543 1253 1608 prosecutus
1281 1552 1355 1602 eS‚
1381 1531 1553 1590 vitam
1576 1555 1605 1589 a
1626 1534 1840 1592 nemine

113 1619 473 1700 accepit,[qui
496 1618 634 1676 Filio
662 1617 815 1675 dedit
836 1638 932 1674 suo
953 1617 1198 1696 exemplo
1227 1618 1431 1676 habere
1459 1621 1630 1678 vitam
1651 1622 1709 1678 in
1751 1645 1837 1680 se·-

111 1709 378 1788 metipso:
401 1707 686 1787 copulatos
703 1705 928 1787 quidem
943 1704 1176 1762 dicimus
1189 1707 1247 1762 in
1261 1705 1528 1766 charitate
1557 1722 1610 1766 et
1636 1710 1692 1768 in
1711 1732 1838 1769 con-

107 1796 311 1856 cordia.
347 1797 379 1854 J
385 1795 471 1854 am
520 1808 581 1853 ut
627 1794 875 1875 superius
902 1792 1243 1851 reddidimus
1273 1795 1538 1854 rationem
1560 1842 1576 1868 ‚
1610 1797 1841 1858 alterum

15 1906 33 1921 ⁴
105 1908 213 1960 esse
233 1887 452 1943 Patrem
481 1932 495 1956 ‚
522 1897 576 1943 et
599 1905 711 1942 non
731 1884 913 1964 ipsum
949 1882 1170 1954 Filium,
1204 1884 1318 1963 ipse
1339 1906 1435 1942 nos
1459 1885 1680 1950 instruit
1713 1888 1832 1946 Sal-

40 1979 45 1983 ’
105 1988 284 2046 vator,
304 1972 571 2032 dicendo:
597 1999 623 2026 c<
645 1972 703 2030 Si
719 1993 815 2047 ego
839 1971 1204 2028 testimonium
1229 1971 1354 2029 dico
1368 1971 1434 2029 de
1454 1994 1561 2044 me,
1586 1975 1834 2034 testimo-

106 2090 132 2119 »
160 2063 314 2121 nium
346 2063 658 2138 meum]non
680 2074 757 2119 est
781 2081 988 2130 verum,
1018 2059 1153 2117 alius
1182 2060 1378 2138 estqui
1415 2062 1737 2122 testificatur
1760 2065 1828 2123 de

115 2178 141 2206 >³
160 2151 292 2211 mein
329 2177 355 2205 2>
379 2153 450 2209 Et
482 2173 549 2209 ne
577 2148 1008 2231 praesumptorio
1032 2147 1256 2227 spirtitu
1281 2147 1505 2227 quidam
1539 2165 1821 2230 putarent,

105 2240 255 2321 quod
279 2253 374 2298 aut
402 2239 470 2296 de
495 2241 528 2296 J
534 2261 708 2297 oanne
742 2237 991 2318 Baptista
1021 2236 1212 2294 dixerit
1241 2236 1431 2308 alium,
1461 2252 1553 2303 aut
1575 2239 1713 2299 forte
1758 2243 1826 2301 do

102 2327 263 2387 Petro
292 2327 537 2408 apostolo
562 2327 648 2387 vel
672 2326 847 2384 Paulo
873 2347 886 2382 ε
916 2325 1031 2404 ipse
1056 2338 1376 2404 prosecutus
1400 2339 1509 2383 est:
1541 2353 1566 2380 ‹<
1590 2328 1696 2387 Vos
1723 2332 1824 2389 mi-

104 2443 131 2471 »
161 2417 300 2475 sistis
327 2417 397 2474 ad
411 2417 441 2472 J
449 2437 703 2484 oannem,
725 2427 777 2472 et
798 2413 1166 2471 testimonium
1183 2412 1426 2470 reddidit
1447 2416 1681 2476 veritati.
1708 2420 1820 2494 Ego

45 2497 48 2499 i
103 2533 132 2563 2>
160 2521 358 2566 autem
379 2505 752 2564 testimonium
783 2505 852 2561 ab
876 2503 1100 2561 homine
1138 2525 1249 2561 non
1280 2505 1494 2584 accipio
1529 2507 1654 2564 :sed
1695 2509 1818 2569 haec

102 2622 130 2651 >³
159 2596 308 2669 dico,
337 2609 399 2654 ut
419 2616 515 2653 vos
538 2593 836 2653 salvemini.
872 2590 990 2658 Ille,
1016 2591 1218 2670 inquit,
1254 2591 1477 2650 lucerna
1495 2592 1604 2651 fuit
1625 2597 1819 2657 ardens

100 2710 126 2739 >1
153 2699 206 2744 et
240 2685 447 2755 lucem,
468 2705 563 2743 vos
585 2694 764 2741 autem
777 2679 1024 2738 voluistis
1050 2678 1119 2735 ad
1149 2678 1343 2739 horam
1378 2680 1612 2739 exultare
1639 2684 1694 2741 in
1728 2686 1820 2745 lu—

102 2801 129 2830 »
149 2775 292 2834 mine
312 2779 443 2850 ejus,
474 2774 588 2848 Ego
603 2783 781 2829 autem
794 2769 975 2827 habeo
999 2767 1371 2825 testimonium
1384 2774 1559 2844 majus
1579 2772 1610 2827 J
1615 2793 1805 2837 oanne.

98 2889 127 2918 >2
157 2864 341 2944 Opera
355 2883 482 2943 quae
501 2860 651 2919 dedit
670 2858 807 2916 mihi
829 2858 990 2914 Pater
1012 2869 1074 2913 ut
1096 2855 1379 2936 perficiam
1398 2878 1481 2928 ea,
1509 2858 1628 2938 ipsa
1648 2882 1815 2942 opera

98 2948 137 3006 »·
151 2972 278 3032 quae
303 2970 399 3026 ego
416 2948 558 3007 facio
584 2994 598 3019 ‚
629 2946 986 3005 testificantur
1014 2943 1081 3001 de
1111 2965 1216 3014 me,
1253 2944 1383 3023 quia
1415 2946 1578 3004 Pater
1600 2970 1684 3007 me
1708 2952 1816 3009 mi-

99 3065 126 3094 »
158 3041 225 3098 sit
246 3039 289 3099 ¹⁸.
331 3042 398 3097 lit
428 3038 524 3118 qui
559 3036 705 3094 misit
742 3055 828 3093 me
859 3038 1045 3105 Pater,
1070 3032 1185 3113 ipse
1207 3033 1528 3092 testificatur
1556 3036 1622 3094 de
1657 3060 1757 3099 me.
1793 3067 1818 3094 n

100 3129 236 3202 Quis
259 3142 371 3187 tam
401 3125 597 3186 stultus
621 3138 719 3197 est,
756 3137 819 3182 ut
847 3145 959 3181 non
985 3121 1252 3198 intelligat
1286 3124 1546 3203 quoniam
1590 3127 1726 3187 alius
1751 3130 1819 3188 de

155 3234 349 3282 ¹Tit'11,
379 3234 444 3274 13.
466 3255 520 3263 —
541 3229 560 3258 2
588 3233 708 3271 Joan.
731 3243 798 3281 xx,
822 3242 965 3279 17.-
985 3223 1004 3255 3
1030 3227 1088 3267 Id.
1111 3242 1152 3282 v,
1179 3230 1248 3270 31.
1269 3249 1326 3257 --
1350 3225 1492 3272 ⁴1bid.
1520 3232 1590 3273 33.

298 3317 544 3356 cxxxvu.
1579 3316 1609 3352 2
