2144 3808
308 359 424 431 462
823 370 869 418 5.
921 375 1228 419 mausum
1270 372 1530 420 amscorl

306 460 447 519 illud
475 455 627 544 quod
654 459 924 532 cernitur,
957 461 1181 518 omnino
1204 461 1450 543 spiritale
1481 481 1594 520 non
1614 473 1712 521 est.
1743 462 1890 524 Visio
1908 483 2038 546 vero

307 571 433 631 quae
463 550 526 607 sit
554 550 610 608 in
648 571 806 608 5611511
832 548 1003 608 habet
1038 548 1339 607 admixtum
1371 549 1579 630 aliquid
1607 550 1879 630 spiritale,
1911 553 2042 635 qula

310 638 424 695 sine
455 638 636 695 anima
659 638 778 696 fieri
802 659 914 696 non
939 651 1134 718 potest.
1162 638 1271 696 Sed
1290 660 1402 696 non
1431 651 1605 697 totum
1628 640 1704 698 ita
1738 654 1818 700 est
1845 664 1860 698 t
1894 663 2042 723 quo-

310 726 459 784 niam
481 725 571 783 ille
588 726 686 806 qui
719 726 1012 811 formatur,
1033 728 1279 807 corporis
1303 748 1486 784 sensus
1512 739 1608 786 est.
1631 727 1895 787 Voluntas
1915 751 2043 806 ergo

314 834 443 894 quae
461 826 756 894 utrumque
776 814 1084 891 conjungit,
1115 816 1307 891 magiS,
1333 827 1395 872 ut
1424 814 1558 886 dixi,
1581 815 1837 896 spiritalis
1858 837 2045 893 agnos-

314 903 494 974 citur,
525 916 579 960 et
604 902 728 961 ideo
759 916 1016 982 tanquam
1051 924 1340 982 personam
1382 902 1620 983 Spiritus
1647 903 1922 962 insinuare
1953 905 2046 962 in·-

314 990 451 1071 cipit
479 991 538 1049 in
560 990 655 1048 illa
686 990 944 1048 trinitate.
982 989 1091 1046 Sed
1118 990 1286 1063 magis
1314 991 1551 1069 pertinet
1583 989 1653 1047 ad
1690 1011 1906 1049 sensum
1926 991 2047 1050 for-

312 1093 554 1149 matum,
597 1099 767 1158 quam
811 1077 880 1134 ad
926 1076 1066 1135 illud
1102 1098 1305 1157 corpus
1346 1077 1493 1136 unde
1531 1077 1816 1138 formatur.
1851 1079 2049 1144 Sensus

313 1167 458 1224 enim
502 1166 794 1224 animantis
834 1178 887 1222 et
913 1165 1167 1225 voluntas
1209 1165 1408 1224 animae
1445 1179 1554 1237 est,
1582 1187 1695 1225 non
1725 1166 1928 1248 lapidis
1957 1180 2050 1226 aut

316 1255 546 1331 alicujus
588 1256 836 1336 corporis
870 1253 1024 1336 quod
1063 1254 1302 1315 videtur.
1333 1256 1455 1313 Non
1490 1277 1617 1332 ergo
1661 1256 1733 1315 ab
1774 1257 1871 1315 illo
1899 1249 2069 1339 quasi

314 1356 544 1425 parente
569 1343 858 1423 procedit3
889 1342 981 1400 sed
1019 1363 1120 1400 nec
1155 1343 1225 1412 ab
1254 1344 1353 1401 ista
1382 1344 1539 1423 quasi
1565 1343 1721 1424 prole
1738 1390 1754 1416 ,
1798 1344 1909 1403 1106
1937 1358 2015 1403 651
2035 1392 2050 1417 ,

313 1432 522 1490 visione
555 1453 616 1491 ac
646 1429 978 1511 forma‘quae
1000 1431 1060 1489 in
1082 1452 1237 1489 sensu
1263 1445 1357 1491 est.
1378 1432 1535 1489 Prius
1556 1432 1703 1505 6111111
1724 1453 1892 1512 quam
1919 1433 2055 1493 visio

317 1521 498 1591 fieret,
530 1524 647 1595 jam
674 1533 790 1578 erat
813 1518 1069 1579 voluntas
1095 1565 1109 1590 ,
1139 1536 1282 1599 ‘quae‘
1299 1519 1650 1578 formandum
1680 1541 1898 1579 sensum
1931 1542 2054 1579 cer-

315 1608 498 1666 nendo
518 1609 739 1689 corpori
768 1607 1013 1667 admovit
1032 1607 1155 1666 :sed
1182 1607 1433 1666 nondum
1451 1622 1564 1666 erat
1586 1607 1875 1688 placitum.
1900 1609 2054 1680 Quo-

313 1695 482 1754 modo
505 1698 651 1755 enim
675 1697 938 1777 placeret,
958 1696 1111 1777 quod
1134 1696 1382 1754 nondum
1408 1711 1522 1755 erat
1540 1698 1751 1756 visum?
1777 1697 2051 1757 Placitum

317 1798 498 1843 autem
527 1786 712 1866 quieta
743 1785 991 1844 voluntas
1013 1797 1108 1844 est.
1155 1784 1397 1865 Ideoque
1419 1806 1520 1843 nec
1549 1785 1705 1865 quasi
1727 1784 1936 1865 prolem
1962 1787 2050 1844 vi-

314 1873 479 1931 sionis
498 1894 789 1953 possumus
813 1872 995 1939 dicere
1023 1872 1361 1931 voluntatem
1381 1920 1395 1944 ,
1429 1874 1558 1954 quia
1589 1886 1706 1931 erat
1729 1891 1851 1931 ante
1880 1874 2048 1932 visio-

311 1982 460 2032 nem,
481 1982 581 2019 nec
612 1961 766 2041 quasi
786 1973 1069 2040 parentem
1086 2007 1100 2031 ,
1133 1960 1263 2039 quia
1290 1982 1403 2019 non
1430 1983 1490 2019 ex
1521 1961 1830 2034 voluntate,
1865 1962 1958 2021 sed
1984 1983 2047 2022 ex

308 2048 424 2107 viso
442 2069 674 2129 corpore
691 2048 927 2106 formata
957 2059 1012 2106 et
1037 2069 1282 2129 expressa
1311 2062 1406 2109 est.

389 2138 460 2196 X.
512 2137 699 2195 Finem
714 2136 937 2195 fortasse
953 2135 1249 2194 voluntatis
1264 2150 1318 2194 et
1335 2138 1576 2218 requiem
1593 2160 1883 2219 possumus
1899 2152 2045 2198 16616

307 2225 486 2284 dicere
523 2226 787 2286 visionem
803 2273 819 2298 ‚
850 2225 921 2285 ad
958 2226 1069 2284 hoc
1114 2226 1377 2285 duntaxat
1430 2248 1620 2287 unum.
1663 2229 1854 2309 Neque
1897 2230 2043 2287 enim

307 2326 599 2393 propterea
627 2313 772 2375 nihil
801 2312 951 2371 aliud
978 2313 1153 2386 volet,
1182 2315 1312 2394 quia
1340 2315 1493 2373 videt
1516 2315 1727 2395 aliquid
1759 2317 1908 2396 quod
1938 2339 2041 2376 vo·-

305 2400 474 2461 lebat.
509 2402 635 2459 Non
669 2402 855 2481 itaque
883 2401 1106 2460 omnino
1142 2405 1262 2482 ipsa
1299 2403 1549 2461 voluntas
1576 2404 1850 2475 11011111115,
1882 2409 2039 2481 cujus

305 2488 430 2546 finis
447 2510 559 2547 non
581 2503 661 2547 est
684 2490 788 2548 nisi
807 2489 1093 2547 beatitudo
1115 2537 1129 2562 ,
1163 2490 1257 2548 sed
1279 2491 1479 2549 adhoc
1501 2512 1673 2549 unum
1691 2492 1910 2550 interim
1931 2515 2027 2552 vo-

301 2576 484 2636 luntas
506 2578 733 2638 videndi
754 2580 920 2640 finem
943 2600 1054 2636 non
1076 2570 1249 2637 habet
1264 2581 1369 2638 nisi
1385 2581 1668 2651 visionem,
1691 2581 1801 2639 sive
1824 2581 1881 2638 id
1903 2581 2037 2639 refe-

302 2680 389 2724 rat
417 2667 485 2725 acl
509 2667 683 2740 aliud,
716 2668 827 2727 sive
852 2689 965 2726 non
980 2666 1189 2726 referat.
1222 2668 1280 2726 Si
1301 2669 1446 2726 enirn
1472 2689 1584 2726 non
1602 2667 1764 2726 refert
1792 2668 1858 2726 ad
1886 2669 2035 2728 aliud

300 2751 613 2828 visionem,
635 2756 731 2815 sed
758 2769 973 2817 tantum
999 2756 1176 2816 voluit
1206 2769 1267 2815 ut
1300 2757 1508 2816 videret
1537 2778 1550 2813 :
1581 2778 1692 2814 non
1726 2770 1805 2814 est
1831 2756 2033 2837 dispu-

301 2844 534 2903 tandum
561 2845 840 2925 quomodo
867 2844 1186 2904 ostendatur
1212 2846 1378 2903 finem
1398 2845 1693 2904 voluntatis
1729 2867 1837 2904 esse
1864 2847 2031 2905 visio-

300 2954 458 3001 nem3
490 2934 841 2993 manifestum
864 2947 943 2992 est
965 2934 1127 2993 enim.
1159 2934 1215 2992 Si
1237 2947 1413 2992 autem
1437 2934 1599 2991 refert
1618 2932 1688 2991 ad
1711 2933 1881 3000 aliud,
1910 2932 2030 2993 vult

298 3021 490 3099 utique
513 3022 684 3092 aliud,
705 3044 804 3080 nec
816 3027 930 3097 jam
953 3021 1173 3080 videndi
1189 3023 1438 3081 voluntas
1457 3022 1588 3079 erit:
1612 3033 1703 3080 aut
1720 3021 1764 3079 si
1777 3021 2021 3090 videndi,

296 3130 409 3166 non
431 3109 539 3167 hoc
559 3110 804 3168 videndi.
827 3112 1114 3190 Tanquam
1134 3113 1178 3168 si
1201 3112 1330 3169 velit
1350 3111 1580 3193 quisque
1605 3110 1784 3169 videre
1809 3110 2024 3173 cicatri-

295 3218 442 3271 cem,
474 3211 537 3256 ut
559 3198 688 3258 inde
704 3198 900 3257 doceat
921 3198 1121 3257 vulnus
1154 3198 1351 3269 suisse;
1387 3213 1481 3259 aut
1506 3200 1554 3256 51
1577 3198 1706 3259 velit
1733 3197 1915 3257 videre
1938 3198 2022 3257 fe-

289 3298 525 3347 nestram
544 3333 560 3360 ,
588 3299 650 3347 ut
669 3308 770 3370 per
788 3285 1077 3347 fenestram
1100 3287 1282 3348 videat
1305 3300 1640 3347 transeuntes
1662 3308 1676 3345 ε
1698 3307 1882 3345 01111165
1902 3287 2020 3346 15136
