2144 3808
605 301 677 340 DE
719 296 1039 352 rnlmrArE,
1086 298 1197 340 un.
1247 300 1325 343 ιν.
1711 282 1833 364 309

115 404 346 465 corpora
364 383 539 443 facere
566 383 739 442 multa
758 429 773 454 ‚
805 403 931 463 quae
952 382 1220 441 mirentur
1244 381 1443 440 animae
1465 381 1688 443 terrenis
1704 405 1835 443 cor-

114 474 347 552 poribus
375 484 701 549 aggravatae,
730 470 893 527 etiam
910 469 1148 528 melioris
1170 470 1408 528 affectus,
1450 469 1507 528 Si
1535 470 1681 529 enim
1705 493 1836 530 cor·-

113 582 252 642 pora
291 563 410 642 ipse
451 574 663 618 terrena
706 559 986 618 nonnullis
1033 560 1244 618 artibus
1276 572 1330 617 et
1361 558 1841 620 exercitationibus

116 650 433 708 modificata
454 696 468 722 ,
499 649 557 708 in
589 648 912 730 spectaculis
941 648 1220 707 theatricis
1254 661 1406 706 tanta
1433 646 1698 707 miracula
1725 648 1839 706 ho-

115 737 359 795 minibus
409 737 668 795 exhibent
685 784 700 809 ,
757 749 820 795 ut
871 735 912 793 ii
952 736 1051 816 qui
1096 755 1384 817 nunquam
1419 735 1677 794 viderunt
1716 735 1848 794 talia

116 840 333 884 narrata
349 872 365 899 ,
391 827 478 884 vix
499 825 725 884 credant
753 848 768 883 ι
797 823 933 904 quid
952 846 1214 900 magnum
1231 837 1310 883 est
1326 823 1549 884 diabolo
1569 837 1623 882 et
1645 823 1847 900 angelis

116 919 229 990 ejus
247 961 262 981 ‚
287 914 354 972 de
377 913 653 994 corporeis
677 913 955 972 elementis
973 935 1075 993 per
1096 919 1252 972 aerea
1273 934 1506 993 corpora
1523 911 1699 972 facere
1715 931 1847 994 quae

118 1023 246 1061 caro
273 1002 528 1070 miretur3
563 1015 657 1060 aut
685 1002 848 1060 etiam
871 1001 1102 1060 occultis
1128 1001 1588 1083 inspirationibus
1617 1001 1686 1060 ad
1712 1000 1849 1059 illu-

118 1089 324 1149 dendos
355 1089 627 1149 humanos
650 1110 834 1149 sensus
861 1090 1253 1170 phantasmata
1284 1090 1591 1165 imaginum
1626 1087 1849 1147 machi-

118 1178 274 1249 nari,
306 1177 511 1257 quibus
525 1178 808 1254 vigilantes
833 1178 1228 1237 dormientesve
1247 1176 1491 1258 decipiat
1507 1224 1523 1250 ,
1549 1177 1637 1238 vel
1659 1176 1852 1236 furen-

120 1278 196 1326 tes
221 1266 484 1343 exagitet?
507 1267 614 1325 Sed
636 1268 779 1326 sicut
800 1268 915 1326 fieri
938 1281 1120 1348 potest
1136 1280 1198 1326 ut
1212 1268 1383 1325 homo
1396 1268 1508 1333 vita
1525 1288 1588 1326 ac
1605 1266 1853 1325 moribus

119 1354 336 1426 melior,
370 1369 579 1435 spectet
604 1356 961 1436 nequissimos
989 1356 1269 1428 homineS,
1299 1355 1387 1416 vel
1410 1355 1471 1414 in
1498 1355 1630 1417 fune
1659 1353 1855 1413 ambu-

120 1444 292 1502 lantes
314 1491 327 1515 ,
356 1445 444 1503 vel
465 1444 806 1504 multimodis
831 1446 1073 1504 motibus
1095 1466 1391 1526 corporum
1419 1444 1594 1503 multa
1618 1442 1857 1504 incredi-

121 1532 258 1591 bilia
288 1532 546 1591 facientes
569 1580 583 1605 ‚
620 1555 722 1592 nec
755 1535 869 1593 ullo
894 1534 1060 1594 modo
1086 1534 1264 1593 facere
1299 1533 1429 1592 talia
1456 1533 1815 1614 concupiscat
1835 1577 1852 1604 ,

120 1641 222 1679 nec
250 1641 339 1678 eos
362 1634 652 1701 propterea
678 1622 784 1680 sibi
812 1623 1215 1703 praeponendos
1234 1622 1500 1681 existimet
1530 1644 1544 1679 ε
1572 1622 1650 1681 sic
1673 1620 1858 1679 anima

122 1707 298 1768 fidelis
321 1721 374 1766 et
394 1709 488 1788 pia
508 1756 523 1782 ,
552 1731 666 1767 non
686 1710 861 1768 solum
885 1711 929 1769 si
949 1710 1164 1783 videat,
1189 1710 1546 1772 verumetiam
1569 1710 1613 1768 si
1626 1710 1857 1792 propter

120 1796 471 1874 fragilitatem
507 1798 683 1856 carnis
714 1799 1000 1858 exhorreat
1031 1799 1299 1858 miracula
1337 1798 1653 1857 daemonum
1675 1844 1691 1870 ,
1741 1817 1857 1856 non

124 1884 246 1945 ideo
268 1898 449 1944 tamen
469 1900 562 1944 aut
585 1908 697 1944 non
712 1908 766 1945 se
785 1908 947 1967 posse
966 1886 1096 1947 talia
1114 1886 1328 1946 dolebit
1341 1933 1355 1958 ‚
1386 1900 1480 1945 aut
1503 1887 1577 1944 ob
1600 1886 1714 1944 hoc
1737 1883 1858 1943 illos

125 1973 371 2033 meliores
408 1995 517 2033 esse
542 1974 858 2051 judicabit3
905 1995 1037 2034 cum
1078 1975 1147 2033 sit
1181 1974 1487 2055 praesertim
1515 1973 1574 2032 in
1603 1972 1859 2031 societate
1915 2023 1919 2026 .

126 2075 438 2121 sanctorum
456 2109 471 2135 ‚
518 2064 616 2143 qui
641 2085 741 2143 per
777 2064 1036 2123 virtutem
1075 2063 1178 2121 Dei
1225 2064 1318 2122 cui
1362 2075 1563 2121 cuncta
1609 2060 1859 2136 subjecta

125 2165 251 2210 sunt
273 2198 287 2224 ‚
320 2165 374 2210 et
400 2152 623 2210 minime
651 2151 866 2211 fallacia
886 2199 901 2224 ‚
935 2166 989 2210 et
1012 2152 1189 2210 multo
1218 2154 1431 2227 majora
1458 2149 1727 2221 fecerunt,
1748 2147 1860 2208 sive

126 2239 376 2310 homines
396 2287 411 2312 ,
446 2240 555 2300 sive
580 2241 774 2317 Angeli
798 2241 951 2300 boni.

209 2328 330 2387 XV.
384 2327 740 2409 Nequaquam
770 2329 940 2404 igitur
960 2350 1060 2410 per
1091 2328 1375 2405 sacrilegas
1398 2325 1782 2387 similitudines
1807 2337 1865 2384 et
1938 2373 1941 2377 ,

129 2416 325 2497 impias
352 2416 690 2475 curiositates
714 2431 766 2475 et
798 2418 1035 2494 magicas
1055 2418 1482 2477 consecrationes
1504 2417 1700 2476 animae
1727 2434 1865 2496 pur-

130 2517 328 2580 gantur
356 2517 409 2563 et
437 2504 864 2564 reconciliantur
893 2508 1008 2564 Deo
1041 2528 1054 2563 ε
1087 2507 1216 2587 quia
1246 2505 1413 2564 falsus
1443 2505 1710 2564 mediator
1749 2523 1865 2562 non

131 2593 337 2670 trajicit
358 2592 427 2651 ad
451 2594 732 2674 superiora
748 2640 762 2666 ‚
794 2593 887 2653 sed
910 2594 1097 2676 potius
1114 2594 1370 2654 obsidens
1382 2592 1704 2653 intercludit
1719 2590 1867 2650 viam

131 2703 232 2763 per
259 2683 510 2750 affectUS‚
551 2703 689 2764 quos
726 2696 876 2742 tanto
907 2683 1250 2760 maligniores
1280 2696 1492 2765 quanto
1521 2679 1867 2762 superbiores

135 2791 248 2829 suae
271 2770 516 2830 societati
558 2772 788 2853 inspirat
824 2795 839 2830 ε
878 2773 975 2855 qui
1008 2794 1121 2832 non
1152 2787 1383 2854 possunt
1429 2771 1500 2830 ad
1537 2766 1869 2830 evolandum

135 2879 343 2940 pennas
372 2858 579 2918 nutrire
617 2861 887 2920 virtutum
914 2908 930 2934 ‚
980 2860 1073 2920 sed
1111 2862 1298 2943 potius
1335 2859 1406 2920 ad
1440 2855 1870 2935 demergendum

136 2947 382 3030 pondera
411 2969 722 3024 exaggerare
761 2951 1022 3010 vitiorum
1051 2997 1066 3023 ,
1104 2963 1257 3009 tanto
1290 2949 1508 3028 gravius
1543 2946 1724 3006 anima
1751 2943 1874 3003 rui-

139 3051 293 3109 tura,
321 3050 528 3117 quanto
550 3037 656 3096 sibi
679 3039 897 3098 videtur
911 3053 1096 3100 evecta
1124 3039 1432 3099 sublimius,
1470 3034 1709 3096 Proinde
1729 3033 1874 3092 sicut

144 3127 291 3205 Magi
330 3126 577 3187 fecerunt
621 3126 884 3191 divinitus
923 3129 1149 3204 moniti,
1196 3151 1336 3213 quos
1384 3127 1452 3187 ad
1494 3124 1868 3188 humilitatem
