2144 3808
618 311 622 316 .
652 286 726 327 me
765 280 1091 336 ramma,
1110 280 1113 283 ’
1134 285 1247 325 un.
1298 285 1375 324 ιν.
1527 293 1537 300 -
1751 267 1866 346 293

128 364 291 468 posse
308 365 602 443 cognovit}
626 361 763 425 flere
778 363 946 422 dul‘ce
971 363 1164 434 habet,
1186 374 1439 444 eumque
1464 364 1769 447 deprecari,
1798 381 1866 428 ut

130 458 292 515 etiam
310 470 469 535 atque
482 455 640 512 etiam
659 454 990 523 misereatur,
1009 451 1183 510 donec
1203 466 1359 510 exuat
1375 466 1544 511 totam
1567 457 1863 529 miseriam,

130 560 185 603 et
203 545 417 625 precari
448 563 574 602 cum
605 540 834 613 fiducia·-
856 547 970 618 jam
1004 555 1286 621 accepto„
1258 541 1495 600 &ratuito
1535 540 1765 621 pignore
1785 566 1867 602 sa-

128 632 280 703 lutis,
316 654 416 713 per
435 637 564 708 ejus
582 631 810 690 unicum
830 627 1163 690 Salvatorem
1183 624 1423 687 hominis
1442 643 1496 687 et
1523 630 1869 689 illuminato-

127 743 278 781 rem:
307 722 462 779 hunc
494 721 572 779 ita
599 733 849 796 agentem
868 732 924 777 et
950 716 1251 777 dolentem
1265 718 1492 776 scientia
1526 718 1636 776 non
1660 718 1861 787 inflat,

126 810 258 889 quia
286 809 526 867 charitas
550 808 792 885 aedificat
813 806 838 844 1
861 829 875 864 ι
901 807 1207 887 praeposuit
1227 806 1372 864 enim
1393 807 1674 864 scientiam
1698 806 1870 866 scien-

128 898 241 969 tiae,
274 897 583 978 praeposuit
601 897 738 955 seire
757 896 1128 954 infirmitatem
1146 894 1326 968 suam,
1355 895 1528 971 magis
1549 894 1720 976 quam
1737 897 1873 955 scire

126 985 321 1045 mundi
351 985 579 1057 moenia,
608 984 974 1043 fundamenta
1013 982 1304 1056 terrarum,
1341 997 1395 1042 et
1438 983 1653 1061 fastigia
1689 983 1869 1044 coelo-

125 1096 252 1133 rum
272 1074 296 1110 ²
331 1096 346 1131 z
370 1088 423 1132 et
451 1073 598 1132 hanc
624 1073 955 1155 apponendo
975 1074 1279 1146 seientiam,
1311 1073 1568 1153 apposuit
1589 1072 1866 1142 dolorem3

126 1163 371 1222 dolorem
390 1163 855 1244 peregrinationis
889 1183 1002 1220 suae
1029 1183 1091 1220 ex
1120 1161 1388 1219 desiderio
1418 1161 1614 1241 patriae
1643 1181 1780 1233 suae,
1814 1173 1869 1219 et

126 1250 426 1310 conditoris
453 1250 747 1328 ejus‘b'eati·
768 1250 870 1308 Dei
897 1249 1008 1309 sui.¹
1040 1250 1108 1307 In
1141 1249 1253 1307 hoc
1295 1248 1505 1325 genere
1529 1249 1822 1307 hominum
1845 1294 1861 1320 ‚

125 1340 184 1398 in
199 1337 407 1397 familia
430 1339 640 1396 Christi
662 1339 764 1409 tui,
796 1339 1030 1396 Domine
1048 1340 1196 1396 Deus
1216 1358 1368 1395 meus
1382 1383 1398 1409 ‚
1428 1338 1471 1395 si
1491 1337 1635 1395 inter
1650 1344 1867 1418 paupe·

126 1449 208 1484 res
239 1440 358 1484 tuos
386 1448 567 1502 gemo,
592 1426 834 1485 cla-mihi
878 1426 948 1485 de
974 1447 1119 1507 pane
1169 1439 1265 1483 tuo
1308 1425 1637 1506 respondere
1679 1425 1870 1483 homi-

125 1516 331 1586 nibus,
355 1515 455 1594 qui
494 1537 626 1572 non
647 1515 892 1574 esuriunt
923 1529 979 1573 et
1004 1514 1194 1572 sitiunt
1215 1514 1519 1590 justitiam,
1559 1512 1652 1572 sed
1691 1513 1874 1571 satiati

126 1615 252 1660 sunt
274 1615 328 1660 et
355 1601 705 1662 abundant.
664 1602 687 1639 3
737 1603 965 1661 Satiavit
977 1601 1295 1660 autemillos
1307 1601 1638 1681 phantasma
1656 1621 1867 1672 eorum,

118 1711 238 1748 -non
269 1689 482 1749 veritas
496 1702 612 1761 tua,
638 1710 807 1770 quam
830 1689 1143 1771 repellendo
1169 1689 1439 1762 resiliunt,
1464 1703 1517 1748 et
1531 1689 1591 1747 in
1603 1709 1873 1757 suamva-

125 1780 351 1836 nitatem
387 1767 614 1838 cadunt.
659 1780 780 1854 Ego
817 1792 962 1838 certe
1001 1779 1172 1837 sentio
1209 1799 1376 1874 quam
1414 1778 1590 1836 multa
1612 1779 1871 1854 figmenta

125 1866 308 1947 pariat
346 1886 442 1924 eor
457 1865 828 1925 humanum:
863 1880 931 1925 et
955 1867 1094 1948 quid
1133 1878 1213 1924 est
1254 1871 1351 1925 eor
1378 1888 1584 1939 meum,
1635 1867 1741 1925 nisi
1776 1888 1873 1925 cor

124 1955 476 2014 humanum?
504 1953 612 2012 Sed
638 1954 750 2013 hoc
781 1976 877 2014 oro
896 1957 1075 2014 Deum
1092 1953 1274 2014 cordis
1299 1956 1428 2028 mei,
1455 1955 1687 2015 utfnihil
1706 1955 1871 2024 exeis

127 2043 401 2119 figmentis
421 2063 526 2122 pro
547 2042 724 2102 solido
742 2065 870 2104 vero
904 2058 1148 2104 eructem
1169 2043 1229 2102 in
1241 2043 1342 2102 has
1365 2044 1595 2116 litteras,
1626 2043 1719 2102 sed
1741 2044 1871 2103 inde

125 2131 392 2194 veniatjn
412 2130 790 2213 eas‘quidquid
810 2155 911 2214 per
930 2155 1018 2192 me
1035 2135 1218 2194 venire
1237 2133 1503 2214 potuerit,
1525 2131 1674 2191 unde
1695 2132 1863 2212 mihi,

122 2219 377 2300 quamvis
396 2223 649 2299 'projecto
661 2242 692 2278 a
709 2219 848 2280 facie
875 2221 1164 2280 oculorum
1181 2241 1406 2281 suorum
1426 2219 1475 2291 ²⁸,
1491 2232 1545 2278 et
1566 2219 1635 2278 de
1651 2219 1866 2296 longin-

126 2328 238 2388 quo
257 2307 433 2366 redire
451 2308 698 2386 conanti,
729 2330 831 2389 per
846 2310 995 2370 viam
1006 2331 1175 2392 quam
1190 2309 1380 2370 stravit
1395 2308 1741 2369 humanitate
1769 2308 1865 2367 di-

125 2396 325 2455 vinitas
339 2396 617 2471 Unigeniti
641 2398 747 2470 sui,
775 2420 906 2458 aura
922 2400 1163 2460 veritatis
1189 2404 1306 2476 ejus
1329 2398 1653 2480 aspergitur.
1681 2398 1870 2470 Quam

124 2485 182 2543 in
205 2497 420 2544 tantum
442 2484 573 2543 licet
595 2486 877 2546 mutabilis
914 2487 1133 2562 haurio,
1166 2489 1226 2548 in
1252 2501 1529 2570 quantum
1550 2487 1611 2546 in
1630 2508 1693 2545 ea
1722 2485 1870 2546 nihil

125 2572 391 2632 muta-bile
412 2571 571 2634 video
591 2620 608 2646 ,
640 2597 742 2634 nec
769 2576 903 2635 locis
927 2590 980 2635 et
1006 2577 1350 2658 temporibus
1372 2622 1389 2648 ‚
1422 2575 1565 2634 sicut
1594 2595 1867 2656 eorpora3

125 2683 227 2722 nec
245 2662 368 2722 solis
401 2665 746 2743 temporibus
772 2680 826 2725 et
853 2667 1009 2749 quasi
1033 2667 1198 2739 lociS,
1247 2665 1390 2725 sicut
1416 2665 1714 2747 spirituum
1748 2686 1875 2724 nos-

126 2764 346 2811 trorum
376 2752 762 2828 cogitationes;
797 2778 898 2816 nec
945 2756 1070 2815 solis
1094 2755 1437 2837 temporibus
1459 2801 1475 2828 ,
1508 2767 1563 2813 et
1587 2752 1746 2812 nulla
1786 2752 1878 2814 vel

125 2839 360 2916 imagine
387 2839 659 2915 locorum,
687 2845 832 2904 sicut
846 2845 1104 2927 quaedam
1132 2858 1445 2904 nostrarum
1477 2843 1748 2902 mentium
1774 2862 1872 2901 ra·-

126 2929 522 2988 tiocinationes.
557 2930 800 2991 Omnino
831 2934 976 2993 enim
1027 2934 1128 2993 Dei
1165 2933 1422 3006 essentia,
1455 2953 1566 3013 qua
1586 2943 1699 3003 est,
1730 2929 1877 2989 nihil

126 3016 393 3077 mutabile
415 3016 608 3090 habet,
628 3040 727 3079 nec
743 3022 802 3080 in
816 3023 1131 3082 aeternitate
1147 3070 1162 3093 ‚
1189 3023 1371 3082 necin
1397 3021 1645 3092 veritate,
1683 3017 1870 3078 necin

126 3104 405 3172 voluntate
432 3127 447 3163 ε
485 3105 619 3187 quia
649 3121 851 3170 aeterna
881 3112 966 3171 ibi
990 3124 1069 3171 est
1097 3112 1326 3185 veritas,
1367 3123 1572 3170 aeterna
1598 3106 1864 3178 charitaS,

189 3209 203 3239 ¹
227 3225 244 3250 1
265 3213 361 3256 Cor.
386 3225 479 3266 vm,
506 3225 545 3254 1.
563 3234 621 3246 —-
642 3212 663 3244 2
685 3216 809 3262 Eccli.
838 3231 875 3268 1,
902 3200 969 3262 1¹8.
995 3215 1088 3252 ...3
1108 3216 1261 3264 Matth.
1281 3231 1321 3270 v,
1342 3219 1387 3262 6.
1408 3237 1468 3250 --·
1491 3212 1509 3247 ⁴
1532 3214 1640 3260 Psal-
1663 3225 1760 3263 xxx,
1786 3212 1866 3257 ²3o
