<?xml version="1.0" encoding="UTF-8"?>
<!DOCTYPE html PUBLIC "-//W3C//DTD XHTML 1.0 Transitional//EN"
    "http://www.w3.org/TR/xhtml1/DTD/xhtml1-transitional.dtd">
<html xmlns="http://www.w3.org/1999/xhtml" xml:lang="en" lang="en">
 <head>
  <title>
</title>
<meta http-equiv="Content-Type" content="text/html;charset=utf-8" />
  <meta name='ocr-system' content='tesseract 3.04.00' />
  <meta name='ocr-capabilities' content='ocr_page ocr_carea ocr_par ocr_line ocrx_word'/>
</head>
<body>
  <div class='ocr_page' id='page_1' title='image "./operaomniaaccura30auguuoft_0487.png"; bbox 0 0 2144 3808; ppageno 0'>
   <div class='ocr_carea' id='block_1_1' title="bbox 631 343 1862 423">
    <p class='ocr_par' dir='ltr' id='par_1_1' title="bbox 631 343 1862 423">
     <span class='ocr_line' id='line_1_1' title="bbox 631 343 1862 423; baseline 0.001 -35"><span class='ocrx_word' id='word_1_1' title='bbox 631 348 701 389; x_wconf 74' lang='lat' dir='ltr'>nn</span> <span class='ocrx_word' id='word_1_2' title='bbox 744 347 1063 403; x_wconf 67' lang='grc' dir='ltr'><strong>ΤΒῙΝΙΤΑΤΕ,</strong></span> <span class='ocrx_word' id='word_1_3' title='bbox 1109 352 1220 393; x_wconf 77' lang='lat' dir='ltr'>mn.</span> <span class='ocrx_word' id='word_1_4' title='bbox 1270 354 1373 396; x_wconf 86' lang='lat' dir='ltr'>xn.</span> <span class='ocrx_word' id='word_1_5' title='bbox 1746 343 1862 423; x_wconf 75' lang='lat'>477</span> 
     </span>
    </p>
   </div>
   <div class='ocr_carea' id='block_1_2' title="bbox 73 430 1933 3215">
    <p class='ocr_par' dir='ltr' id='par_1_2' title="bbox 144 430 1868 946">
     <span class='ocr_line' id='line_1_2' title="bbox 147 430 1868 515; baseline 0.005 -22"><span class='ocrx_word' id='word_1_6' title='bbox 147 454 358 493; x_wconf 86' lang='lat' dir='ltr'>summa</span> <span class='ocrx_word' id='word_1_7' title='bbox 386 432 670 515; x_wconf 87' lang='lat' dir='ltr'>pertrahat</span> <span class='ocrx_word' id='word_1_8' title='bbox 698 430 850 513; x_wconf 91' lang='lat' dir='ltr'>quod</span> <span class='ocrx_word' id='word_1_9' title='bbox 879 433 1181 491; x_wconf 88' lang='lat' dir='ltr'>contemnit</span> <span class='ocrx_word' id='word_1_10' title='bbox 1216 434 1276 492; x_wconf 90' lang='lat' dir='ltr'>in</span> <span class='ocrx_word' id='word_1_11' title='bbox 1308 436 1528 498; x_wconf 82' lang='lat' dir='ltr'>infimis,</span> <span class='ocrx_word' id='word_1_12' title='bbox 1570 439 1683 499; x_wconf 89' lang='lat' dir='ltr'>Nec</span> <span class='ocrx_word' id='word_1_13' title='bbox 1725 444 1868 500; x_wconf 87' lang='lat' dir='ltr'>enim</span> 
     </span>
     <span class='ocr_line' id='line_1_3' title="bbox 145 519 1866 608; baseline 0.004 -28"><span class='ocrx_word' id='word_1_14' title='bbox 145 522 368 580; x_wconf 85' lang='lat' dir='ltr'>erubuit</span> <span class='ocrx_word' id='word_1_15' title='bbox 401 521 660 602; x_wconf 83' lang='lat' dir='ltr'>quidam,</span> <span class='ocrx_word' id='word_1_16' title='bbox 703 540 922 577; x_wconf 85' lang='lat' dir='ltr'>uxorem</span> <span class='ocrx_word' id='word_1_17' title='bbox 954 519 1069 595; x_wconf 5' lang='lat' dir='ltr'>*sibi</span> <span class='ocrx_word' id='word_1_18' title='bbox 1102 520 1295 596; x_wconf 84' lang='lat' dir='ltr'>eligere</span> <span class='ocrx_word' id='word_1_19' title='bbox 1335 526 1656 603; x_wconf 84' lang='lat' dir='ltr'>sapientiam</span> <span class='ocrx_word' id='word_1_20' title='bbox 1676 574 1691 598; x_wconf 85' lang='lat'><strong><em>,</em></strong></span> <span class='ocrx_word' id='word_1_21' title='bbox 1736 530 1866 608; x_wconf 86' lang='lat' dir='ltr'>quia</span> 
     </span>
     <span class='ocr_line' id='line_1_4' title="bbox 146 606 1867 690; baseline 0.005 -24"><span class='ocrx_word' id='word_1_22' title='bbox 146 630 343 668; x_wconf 89' lang='lat' dir='ltr'>nomen</span> <span class='ocrx_word' id='word_1_23' title='bbox 368 610 544 668; x_wconf 82' lang='lat' dir='ltr'>uxoris</span> <span class='ocrx_word' id='word_1_24' title='bbox 574 609 633 666; x_wconf 90' lang='lat' dir='ltr'>in</span> <span class='ocrx_word' id='word_1_25' title='bbox 666 607 818 688; x_wconf 87' lang='lat' dir='ltr'>prole</span> <span class='ocrx_word' id='word_1_26' title='bbox 856 606 1123 682; x_wconf 83' lang='lat' dir='ltr'>gignenda</span> <span class='ocrx_word' id='word_1_27' title='bbox 1152 612 1568 690; x_wconf 83' lang='lat' dir='ltr'>corruptibilem</span> <span class='ocrx_word' id='word_1_28' title='bbox 1593 619 1867 674; x_wconf 84' lang='lat' dir='ltr'>concubi-</span> 
     </span>
     <span class='ocr_line' id='line_1_5' title="bbox 146 696 1867 778; baseline 0.005 -25"><span class='ocrx_word' id='word_1_29' title='bbox 146 709 262 755; x_wconf 91' lang='lat' dir='ltr'>tum</span> <span class='ocrx_word' id='word_1_30' title='bbox 285 697 483 773; x_wconf 85' lang='lat' dir='ltr'>ingerit</span> <span class='ocrx_word' id='word_1_31' title='bbox 513 696 776 771; x_wconf 83' lang='lat' dir='ltr'>cogitanti</span> <span class='ocrx_word' id='word_1_32' title='bbox 806 715 820 750; x_wconf 90' lang='lat'>:</span> <span class='ocrx_word' id='word_1_33' title='bbox 850 706 945 751; x_wconf 88' lang='lat' dir='ltr'>aut</span> <span class='ocrx_word' id='word_1_34' title='bbox 980 715 1106 753; x_wconf 89' lang='lat' dir='ltr'>vero</span> <span class='ocrx_word' id='word_1_35' title='bbox 1146 696 1266 774; x_wconf 89' lang='lat' dir='ltr'>ipsa</span> <span class='ocrx_word' id='word_1_36' title='bbox 1302 700 1569 778; x_wconf 86' lang='lat' dir='ltr'>sapientia</span> <span class='ocrx_word' id='word_1_37' title='bbox 1605 723 1727 760; x_wconf 84' lang='lat' dir='ltr'>sexu</span> <span class='ocrx_word' id='word_1_38' title='bbox 1757 704 1867 761; x_wconf 83' lang='lat' dir='ltr'>foe-</span> 
     </span>
     <span class='ocr_line' id='line_1_6' title="bbox 144 780 1866 863; baseline 0.004 -21"><span class='ocrx_word' id='word_1_39' title='bbox 144 785 295 842; x_wconf 85' lang='lat' dir='ltr'>mina</span> <span class='ocrx_word' id='word_1_40' title='bbox 323 797 433 855; x_wconf 87' lang='lat' dir='ltr'>est,</span> <span class='ocrx_word' id='word_1_41' title='bbox 466 784 595 863; x_wconf 85' lang='lat' dir='ltr'>quia</span> <span class='ocrx_word' id='word_1_42' title='bbox 619 780 893 840; x_wconf 88' lang='lat' dir='ltr'>foeminini</span> <span class='ocrx_word' id='word_1_43' title='bbox 915 781 1122 856; x_wconf 87' lang='lat' dir='ltr'>generis</span> <span class='ocrx_word' id='word_1_44' title='bbox 1146 784 1422 843; x_wconf 87' lang='lat' dir='ltr'>vocabulo</span> <span class='ocrx_word' id='word_1_45' title='bbox 1442 800 1495 845; x_wconf 87' lang='lat' dir='ltr'>et</span> <span class='ocrx_word' id='word_1_46' title='bbox 1520 789 1578 846; x_wconf 92' lang='lat' dir='ltr'>in</span> <span class='ocrx_word' id='word_1_47' title='bbox 1600 791 1792 848; x_wconf 86' lang='lat' dir='ltr'>Graeca</span> <span class='ocrx_word' id='word_1_48' title='bbox 1813 805 1866 848; x_wconf 87' lang='lat' dir='ltr'>et</span> 
     </span>
     <span class='ocr_line' id='line_1_7' title="bbox 145 869 995 946; baseline -0.002 -16"><span class='ocrx_word' id='word_1_49' title='bbox 145 873 203 930; x_wconf 91' lang='lat' dir='ltr'>in</span> <span class='ocrx_word' id='word_1_50' title='bbox 229 873 424 930; x_wconf 89' lang='lat' dir='ltr'>Latina</span> <span class='ocrx_word' id='word_1_51' title='bbox 447 872 633 946; x_wconf 90' lang='lat' dir='ltr'>lingua</span> <span class='ocrx_word' id='word_1_52' title='bbox 663 869 995 928; x_wconf 86' lang='lat' dir='ltr'>enuntiatur.</span> 
     </span>
    </p>

    <p class='ocr_par' dir='ltr' id='par_1_3' title="bbox 73 958 1933 2433">
     <span class='ocr_line' id='line_1_8' title="bbox 227 958 1856 1037; baseline 0.001 -16"><span class='ocrx_word' id='word_1_53' title='bbox 227 962 320 1021; x_wconf 88' lang='lat' dir='ltr'>Vl.</span> <span class='ocrx_word' id='word_1_54' title='bbox 373 962 497 1018; x_wconf 92' lang='lat' dir='ltr'>Non</span> <span class='ocrx_word' id='word_1_55' title='bbox 520 980 658 1035; x_wconf 80' lang='lat' dir='ltr'>ergo-</span> <span class='ocrx_word' id='word_1_56' title='bbox 677 970 964 1037; x_wconf 90' lang='lat' dir='ltr'>propterea</span> <span class='ocrx_word' id='word_1_57' title='bbox 989 958 1294 1037; x_wconf 85' lang='lat' dir='ltr'>respuimus</span> <span class='ocrx_word' id='word_1_58' title='bbox 1321 962 1478 1020; x_wconf 90' lang='lat' dir='ltr'>istam</span> <span class='ocrx_word' id='word_1_59' title='bbox 1509 967 1856 1035; x_wconf 86' lang='lat' dir='ltr'>sententiam,</span> 
     </span>
     <span class='ocr_line' id='line_1_9' title="bbox 143 1045 1867 1129; baseline 0.002 -22"><span class='ocrx_word' id='word_1_60' title='bbox 143 1049 273 1128; x_wconf 90' lang='lat' dir='ltr'>quia</span> <span class='ocrx_word' id='word_1_61' title='bbox 296 1049 547 1107; x_wconf 91' lang='lat' dir='ltr'>timemus</span> <span class='ocrx_word' id='word_1_62' title='bbox 571 1059 811 1104; x_wconf 83' lang='lat' dir='ltr'>sanctam</span> <span class='ocrx_word' id='word_1_63' title='bbox 836 1058 889 1102; x_wconf 85' lang='lat' dir='ltr'>et</span> <span class='ocrx_word' id='word_1_64' title='bbox 908 1045 1282 1105; x_wconf 88' lang='lat' dir='ltr'>inviolabilem</span> <span class='ocrx_word' id='word_1_65' title='bbox 1313 1062 1473 1129; x_wconf 89' lang='lat' dir='ltr'>atque</span> <span class='ocrx_word' id='word_1_66' title='bbox 1497 1052 1867 1110; x_wconf 86' lang='lat' dir='ltr'>incommuta-</span> 
     </span>
     <span class='ocr_line' id='line_1_10' title="bbox 145 1136 1933 1213; baseline 0.003 -21"><span class='ocrx_word' id='word_1_67' title='bbox 145 1136 312 1194; x_wconf 85' lang='lat' dir='ltr'>bilem</span> <span class='ocrx_word' id='word_1_68' title='bbox 335 1136 659 1194; x_wconf 87' lang='lat' dir='ltr'>charitatem</span> <span class='ocrx_word' id='word_1_69' title='bbox 693 1147 955 1213; x_wconf 89' lang='lat' dir='ltr'>tanquam</span> <span class='ocrx_word' id='word_1_70' title='bbox 983 1137 1269 1209; x_wconf 88' lang='lat' dir='ltr'>conjugem</span> <span class='ocrx_word' id='word_1_71' title='bbox 1291 1137 1394 1195; x_wconf 88' lang='lat' dir='ltr'>Dei</span> <span class='ocrx_word' id='word_1_72' title='bbox 1429 1140 1604 1197; x_wconf 92' lang='lat' dir='ltr'>Patris</span> <span class='ocrx_word' id='word_1_73' title='bbox 1626 1186 1640 1210; x_wconf 86' lang='lat'><strong><em>‚</em></strong></span> <span class='ocrx_word' id='word_1_74' title='bbox 1677 1140 1744 1198; x_wconf 86' lang='lat' dir='ltr'>de</span> <span class='ocrx_word' id='word_1_75' title='bbox 1775 1142 1867 1198; x_wconf 87' lang='lat' dir='ltr'>illo</span> <span class='ocrx_word' id='word_1_76' title='bbox 1931 1176 1933 1178; x_wconf 80' lang='grc'><em>·</em></span> 
     </span>
     <span class='ocr_line' id='line_1_11' title="bbox 73 1221 1867 1300; baseline 0.002 -19"><span class='ocrx_word' id='word_1_77' title='bbox 73 1270 76 1273; x_wconf 88' lang='grc'>.</span> <span class='ocrx_word' id='word_1_78' title='bbox 146 1224 454 1282; x_wconf 85' lang='lat' dir='ltr'>existentem</span> <span class='ocrx_word' id='word_1_79' title='bbox 474 1270 488 1294; x_wconf 77' lang='lat'>,</span> <span class='ocrx_word' id='word_1_80' title='bbox 515 1223 607 1281; x_wconf 89' lang='lat' dir='ltr'>sed</span> <span class='ocrx_word' id='word_1_81' title='bbox 632 1243 744 1279; x_wconf 90' lang='lat' dir='ltr'>non</span> <span class='ocrx_word' id='word_1_82' title='bbox 773 1222 914 1278; x_wconf 88' lang='lat' dir='ltr'>sicut</span> <span class='ocrx_word' id='word_1_83' title='bbox 941 1221 1151 1300; x_wconf 85' lang='lat' dir='ltr'>prolem</span> <span class='ocrx_word' id='word_1_84' title='bbox 1174 1222 1241 1280; x_wconf 90' lang='lat' dir='ltr'>ad</span> <span class='ocrx_word' id='word_1_85' title='bbox 1264 1224 1593 1299; x_wconf 88' lang='lat' dir='ltr'>gignendum</span> <span class='ocrx_word' id='word_1_86' title='bbox 1624 1229 1867 1287; x_wconf 80' lang='lat' dir='ltr'>Verbum</span> 
     </span>
     <span class='ocr_line' id='line_1_12' title="bbox 145 1309 1868 1393; baseline 0.002 -23"><span class='ocrx_word' id='word_1_87' title='bbox 145 1334 245 1391; x_wconf 92' lang='lat' dir='ltr'>per</span> <span class='ocrx_word' id='word_1_88' title='bbox 263 1312 415 1393; x_wconf 90' lang='lat' dir='ltr'>quod</span> <span class='ocrx_word' id='word_1_89' title='bbox 433 1312 576 1370; x_wconf 88' lang='lat' dir='ltr'>facta</span> <span class='ocrx_word' id='word_1_90' title='bbox 601 1323 726 1368; x_wconf 93' lang='lat' dir='ltr'>sunt</span> <span class='ocrx_word' id='word_1_91' title='bbox 751 1309 930 1367; x_wconf 90' lang='lat' dir='ltr'>omnia</span> <span class='ocrx_word' id='word_1_92' title='bbox 958 1310 1195 1384; x_wconf 87' lang='lat' dir='ltr'>cogitare</span> <span class='ocrx_word' id='word_1_93' title='bbox 1221 1333 1236 1367; x_wconf 73' lang='grc' dir='ltr'><strong><em>ε</em></strong></span> <span class='ocrx_word' id='word_1_94' title='bbox 1261 1311 1354 1369; x_wconf 86' lang='lat' dir='ltr'>sed</span> <span class='ocrx_word' id='word_1_95' title='bbox 1379 1315 1508 1392; x_wconf 86' lang='lat' dir='ltr'>quia</span> <span class='ocrx_word' id='word_1_96' title='bbox 1533 1337 1648 1372; x_wconf 85' lang='lat' dir='ltr'>eam</span> <span class='ocrx_word' id='word_1_97' title='bbox 1679 1315 1868 1374; x_wconf 83' lang='lat' dir='ltr'>falsam</span> 
     </span>
     <span class='ocr_line' id='line_1_13' title="bbox 147 1397 1860 1479; baseline 0.002 -22"><span class='ocrx_word' id='word_1_98' title='bbox 147 1399 332 1458; x_wconf 85' lang='lat' dir='ltr'>divina</span> <span class='ocrx_word' id='word_1_99' title='bbox 368 1399 653 1479; x_wconf 86' lang='lat' dir='ltr'>Scriptura</span> <span class='ocrx_word' id='word_1_100' title='bbox 687 1397 964 1455; x_wconf 87' lang='lat' dir='ltr'>evidenter</span> <span class='ocrx_word' id='word_1_101' title='bbox 1005 1397 1257 1458; x_wconf 86' lang='lat' dir='ltr'>ostendit.</span> <span class='ocrx_word' id='word_1_102' title='bbox 1286 1401 1456 1458; x_wconf 83' lang='lat' dir='ltr'>-Dixit</span> <span class='ocrx_word' id='word_1_103' title='bbox 1497 1403 1642 1460; x_wconf 84' lang='lat' dir='ltr'>enim</span> <span class='ocrx_word' id='word_1_104' title='bbox 1671 1406 1816 1461; x_wconf 84' lang='lat' dir='ltr'>Deus</span> <span class='ocrx_word' id='word_1_105' title='bbox 1846 1425 1860 1460; x_wconf 71' lang='grc' dir='ltr'><strong><em>ι</em></strong></span> 
     </span>
     <span class='ocr_line' id='line_1_14' title="bbox 147 1484 1866 1559; baseline 0.005 -20"><span class='ocrx_word' id='word_1_106' title='bbox 147 1513 174 1539; x_wconf 68' lang='lat' dir='ltr'>c&lt;</span> <span class='ocrx_word' id='word_1_107' title='bbox 193 1487 479 1545; x_wconf 89' lang='lat' dir='ltr'>Faciamus</span> <span class='ocrx_word' id='word_1_108' title='bbox 498 1486 779 1544; x_wconf 89' lang='lat' dir='ltr'>hominem</span> <span class='ocrx_word' id='word_1_109' title='bbox 805 1484 874 1542; x_wconf 88' lang='lat' dir='ltr'>ad</span> <span class='ocrx_word' id='word_1_110' title='bbox 900 1485 1191 1559; x_wconf 86' lang='lat' dir='ltr'>imaginem</span> <span class='ocrx_word' id='word_1_111' title='bbox 1219 1499 1272 1543; x_wconf 84' lang='lat' dir='ltr'>et</span> <span class='ocrx_word' id='word_1_112' title='bbox 1299 1487 1705 1547; x_wconf 86' lang='lat' dir='ltr'>similitudinem</span> <span class='ocrx_word' id='word_1_113' title='bbox 1735 1513 1866 1547; x_wconf 88' lang='lat' dir='ltr'>nos-</span> 
     </span>
     <span class='ocr_line' id='line_1_15' title="bbox 147 1571 1867 1652; baseline 0.002 -24"><span class='ocrx_word' id='word_1_114' title='bbox 147 1602 174 1628; x_wconf 85' lang='lat'>»</span> <span class='ocrx_word' id='word_1_115' title='bbox 196 1589 356 1634; x_wconf 87' lang='lat' dir='ltr'>tram.</span> <span class='ocrx_word' id='word_1_116' title='bbox 386 1602 412 1628; x_wconf 83' lang='lat'>›&gt;</span> <span class='ocrx_word' id='word_1_117' title='bbox 438 1573 612 1632; x_wconf 88' lang='lat' dir='ltr'>Paulo</span> <span class='ocrx_word' id='word_1_118' title='bbox 640 1586 762 1652; x_wconf 89' lang='lat' dir='ltr'>post</span> <span class='ocrx_word' id='word_1_119' title='bbox 786 1585 967 1630; x_wconf 90' lang='lat' dir='ltr'>autem</span> <span class='ocrx_word' id='word_1_120' title='bbox 994 1571 1204 1629; x_wconf 90' lang='lat' dir='ltr'>dictum</span> <span class='ocrx_word' id='word_1_121' title='bbox 1241 1586 1318 1630; x_wconf 91' lang='lat' dir='ltr'>est</span> <span class='ocrx_word' id='word_1_122' title='bbox 1348 1596 1361 1630; x_wconf 73' lang='grc' dir='ltr'><strong>ε</strong></span> <span class='ocrx_word' id='word_1_123' title='bbox 1402 1601 1428 1627; x_wconf 84' lang='lat'>&lt;‹</span> <span class='ocrx_word' id='word_1_124' title='bbox 1457 1576 1526 1634; x_wconf 88' lang='lat' dir='ltr'>Et</span> <span class='ocrx_word' id='word_1_125' title='bbox 1558 1575 1688 1634; x_wconf 89' lang='lat' dir='ltr'>fecit</span> <span class='ocrx_word' id='word_1_126' title='bbox 1728 1579 1867 1634; x_wconf 85' lang='lat' dir='ltr'>Deus</span> 
     </span>
     <span class='ocr_line' id='line_1_16' title="bbox 148 1657 1864 1742; baseline 0.001 -22"><span class='ocrx_word' id='word_1_127' title='bbox 148 1662 477 1720; x_wconf 85' lang='lat' dir='ltr'>»hominem</span> <span class='ocrx_word' id='word_1_128' title='bbox 519 1661 590 1719; x_wconf 88' lang='lat' dir='ltr'>ad</span> <span class='ocrx_word' id='word_1_129' title='bbox 627 1660 918 1735; x_wconf 89' lang='lat' dir='ltr'>imaginem</span> <span class='ocrx_word' id='word_1_130' title='bbox 951 1657 1105 1717; x_wconf 69' lang='lat' dir='ltr'>Dei4.</span> <span class='ocrx_word' id='word_1_131' title='bbox 1146 1685 1172 1711; x_wconf 77' lang='lat'>&gt;2</span> <span class='ocrx_word' id='word_1_132' title='bbox 1211 1660 1464 1718; x_wconf 86' lang='lat' dir='ltr'>Nostram</span> <span class='ocrx_word' id='word_1_133' title='bbox 1506 1676 1683 1734; x_wconf 84' lang='lat' dir='ltr'>certe,</span> <span class='ocrx_word' id='word_1_134' title='bbox 1736 1665 1864 1742; x_wconf 84' lang='lat' dir='ltr'>quia</span> 
     </span>
     <span class='ocr_line' id='line_1_17' title="bbox 146 1746 1865 1830; baseline -0.001 -22"><span class='ocrx_word' id='word_1_135' title='bbox 146 1750 375 1830; x_wconf 91' lang='lat' dir='ltr'>pluralis</span> <span class='ocrx_word' id='word_1_136' title='bbox 417 1763 496 1808; x_wconf 87' lang='lat' dir='ltr'>est</span> <span class='ocrx_word' id='word_1_137' title='bbox 530 1769 820 1818; x_wconf 77' lang='lat' dir='ltr'>numerUS,</span> <span class='ocrx_word' id='word_1_138' title='bbox 854 1767 964 1804; x_wconf 90' lang='lat' dir='ltr'>non</span> <span class='ocrx_word' id='word_1_139' title='bbox 998 1759 1141 1803; x_wconf 87' lang='lat' dir='ltr'>recte</span> <span class='ocrx_word' id='word_1_140' title='bbox 1178 1746 1479 1820; x_wconf 86' lang='lat' dir='ltr'>diceretur,</span> <span class='ocrx_word' id='word_1_141' title='bbox 1521 1751 1564 1807; x_wconf 90' lang='lat' dir='ltr'>si</span> <span class='ocrx_word' id='word_1_142' title='bbox 1595 1750 1764 1807; x_wconf 90' lang='lat' dir='ltr'>homo</span> <span class='ocrx_word' id='word_1_143' title='bbox 1797 1751 1865 1807; x_wconf 84' lang='lat' dir='ltr'>ad</span> 
     </span>
     <span class='ocr_line' id='line_1_18' title="bbox 148 1833 1863 1916; baseline 0 -22"><span class='ocrx_word' id='word_1_144' title='bbox 148 1838 310 1894; x_wconf 89' lang='lat' dir='ltr'>unius</span> <span class='ocrx_word' id='word_1_145' title='bbox 346 1857 593 1916; x_wconf 84' lang='lat' dir='ltr'>personae</span> <span class='ocrx_word' id='word_1_146' title='bbox 629 1835 919 1910; x_wconf 87' lang='lat' dir='ltr'>imaginem</span> <span class='ocrx_word' id='word_1_147' title='bbox 958 1834 1139 1903; x_wconf 86' lang='lat' dir='ltr'>fieret,</span> <span class='ocrx_word' id='word_1_148' title='bbox 1179 1833 1288 1893; x_wconf 89' lang='lat' dir='ltr'>sive</span> <span class='ocrx_word' id='word_1_149' title='bbox 1317 1836 1527 1908; x_wconf 85' lang='lat' dir='ltr'>Patris,</span> <span class='ocrx_word' id='word_1_150' title='bbox 1567 1837 1676 1894; x_wconf 86' lang='lat' dir='ltr'>sive</span> <span class='ocrx_word' id='word_1_151' title='bbox 1707 1837 1863 1907; x_wconf 83' lang='lat' dir='ltr'>Filii,</span> 
     </span>
     <span class='ocr_line' id='line_1_19' title="bbox 149 1920 1870 2004; baseline -0.001 -23"><span class='ocrx_word' id='word_1_152' title='bbox 149 1925 257 1983; x_wconf 87' lang='lat' dir='ltr'>sive</span> <span class='ocrx_word' id='word_1_153' title='bbox 288 1925 524 2004; x_wconf 83' lang='lat' dir='ltr'>Spiritus</span> <span class='ocrx_word' id='word_1_154' title='bbox 550 1923 738 1980; x_wconf 87' lang='lat' dir='ltr'>sancti.</span> <span class='ocrx_word' id='word_1_155' title='bbox 769 1920 877 1978; x_wconf 87' lang='lat' dir='ltr'>Sed</span> <span class='ocrx_word' id='word_1_156' title='bbox 906 1920 1034 1998; x_wconf 89' lang='lat' dir='ltr'>quia</span> <span class='ocrx_word' id='word_1_157' title='bbox 1057 1920 1224 1976; x_wconf 88' lang='lat' dir='ltr'>fiebat</span> <span class='ocrx_word' id='word_1_158' title='bbox 1253 1921 1323 1978; x_wconf 89' lang='lat' dir='ltr'>ad</span> <span class='ocrx_word' id='word_1_159' title='bbox 1358 1922 1649 1998; x_wconf 86' lang='lat' dir='ltr'>imaginem</span> <span class='ocrx_word' id='word_1_160' title='bbox 1681 1925 1870 1980; x_wconf 86' lang='lat' dir='ltr'>Trini-</span> 
     </span>
     <span class='ocr_line' id='line_1_20' title="bbox 149 2006 1869 2092; baseline -0.001 -22"><span class='ocrx_word' id='word_1_161' title='bbox 149 2014 271 2070; x_wconf 86' lang='lat' dir='ltr'>tatis</span> <span class='ocrx_word' id='word_1_162' title='bbox 292 2059 307 2085; x_wconf 84' lang='lat'>‚</span> <span class='ocrx_word' id='word_1_163' title='bbox 346 2023 636 2092; x_wconf 87' lang='lat' dir='ltr'>propterea</span> <span class='ocrx_word' id='word_1_164' title='bbox 669 2008 880 2066; x_wconf 89' lang='lat' dir='ltr'>dictum</span> <span class='ocrx_word' id='word_1_165' title='bbox 912 2018 1028 2063; x_wconf 86' lang='lat' dir='ltr'>est:</span> <span class='ocrx_word' id='word_1_166' title='bbox 1063 2032 1089 2059; x_wconf 87' lang='grc'>«</span> <span class='ocrx_word' id='word_1_167' title='bbox 1120 2006 1207 2064; x_wconf 87' lang='lat' dir='ltr'>Ad</span> <span class='ocrx_word' id='word_1_168' title='bbox 1231 2007 1522 2084; x_wconf 86' lang='lat' dir='ltr'>imaginem</span> <span class='ocrx_word' id='word_1_169' title='bbox 1551 2023 1810 2070; x_wconf 87' lang='lat' dir='ltr'>nostram.</span> <span class='ocrx_word' id='word_1_170' title='bbox 1843 2038 1869 2063; x_wconf 88' lang='lat'>»</span> 
     </span>
     <span class='ocr_line' id='line_1_21' title="bbox 149 2093 1866 2159; baseline -0.002 -3"><span class='ocrx_word' id='word_1_171' title='bbox 149 2102 359 2159; x_wconf 87' lang='lat' dir='ltr'>Rursus</span> <span class='ocrx_word' id='word_1_172' title='bbox 382 2112 560 2158; x_wconf 87' lang='lat' dir='ltr'>autem</span> <span class='ocrx_word' id='word_1_173' title='bbox 581 2119 648 2155; x_wconf 89' lang='lat' dir='ltr'>ne</span> <span class='ocrx_word' id='word_1_174' title='bbox 668 2097 726 2155; x_wconf 92' lang='lat' dir='ltr'>in</span> <span class='ocrx_word' id='word_1_175' title='bbox 748 2094 1014 2152; x_wconf 87' lang='lat' dir='ltr'>Trinitate</span> <span class='ocrx_word' id='word_1_176' title='bbox 1036 2093 1335 2152; x_wconf 88' lang='lat' dir='ltr'>credendos</span> <span class='ocrx_word' id='word_1_177' title='bbox 1351 2095 1741 2154; x_wconf 84' lang='lat' dir='ltr'>arbitraremur</span> <span class='ocrx_word' id='word_1_178' title='bbox 1762 2111 1866 2153; x_wconf 79' lang='lat' dir='ltr'>tres</span> 
     </span>
     <span class='ocr_line' id='line_1_22' title="bbox 150 2180 1872 2258; baseline -0.003 -13"><span class='ocrx_word' id='word_1_179' title='bbox 150 2186 276 2245; x_wconf 87' lang='lat' dir='ltr'>deos</span> <span class='ocrx_word' id='word_1_180' title='bbox 294 2233 308 2258; x_wconf 84' lang='lat'>‚</span> <span class='ocrx_word' id='word_1_181' title='bbox 336 2207 464 2244; x_wconf 92' lang='lat' dir='ltr'>cum</span> <span class='ocrx_word' id='word_1_182' title='bbox 494 2186 562 2242; x_wconf 87' lang='lat' dir='ltr'>sit</span> <span class='ocrx_word' id='word_1_183' title='bbox 590 2183 778 2242; x_wconf 88' lang='lat' dir='ltr'>eadem</span> <span class='ocrx_word' id='word_1_184' title='bbox 805 2180 1045 2238; x_wconf 87' lang='lat' dir='ltr'>Trinitas</span> <span class='ocrx_word' id='word_1_185' title='bbox 1073 2201 1212 2238; x_wconf 91' lang='lat' dir='ltr'>unus</span> <span class='ocrx_word' id='word_1_186' title='bbox 1237 2182 1414 2253; x_wconf 84' lang='lat' dir='ltr'>Deus,</span> <span class='ocrx_word' id='word_1_187' title='bbox 1446 2208 1473 2235; x_wconf 85' lang='lat'>«</span> <span class='ocrx_word' id='word_1_188' title='bbox 1500 2184 1571 2239; x_wconf 86' lang='lat' dir='ltr'>Et</span> <span class='ocrx_word' id='word_1_189' title='bbox 1597 2182 1760 2254; x_wconf 85' lang='lat' dir='ltr'>fecit,</span> <span class='ocrx_word' id='word_1_190' title='bbox 1789 2184 1872 2240; x_wconf 90' lang='lat' dir='ltr'>in-</span> 
     </span>
     <span class='ocr_line' id='line_1_23' title="bbox 150 2265 1873 2353; baseline 0.001 -27"><span class='ocrx_word' id='word_1_191' title='bbox 150 2300 176 2326; x_wconf 87' lang='lat'>»</span> <span class='ocrx_word' id='word_1_192' title='bbox 199 2273 346 2353; x_wconf 87' lang='lat' dir='ltr'>quit,</span> <span class='ocrx_word' id='word_1_193' title='bbox 384 2274 524 2329; x_wconf 89' lang='lat' dir='ltr'>Deus</span> <span class='ocrx_word' id='word_1_194' title='bbox 556 2269 838 2327; x_wconf 89' lang='lat' dir='ltr'>hominem</span> <span class='ocrx_word' id='word_1_195' title='bbox 872 2265 941 2322; x_wconf 86' lang='lat' dir='ltr'>ad</span> <span class='ocrx_word' id='word_1_196' title='bbox 963 2266 1254 2341; x_wconf 90' lang='lat' dir='ltr'>imaginem</span> <span class='ocrx_word' id='word_1_197' title='bbox 1281 2267 1422 2325; x_wconf 84' lang='lat' dir='ltr'>Dei:</span> <span class='ocrx_word' id='word_1_198' title='bbox 1454 2293 1481 2322; x_wconf 82' lang='lat'>›&gt;</span> <span class='ocrx_word' id='word_1_199' title='bbox 1514 2289 1618 2348; x_wconf 86' lang='lat' dir='ltr'>pro</span> <span class='ocrx_word' id='word_1_200' title='bbox 1641 2290 1704 2326; x_wconf 92' lang='lat' dir='ltr'>eo</span> <span class='ocrx_word' id='word_1_201' title='bbox 1729 2291 1791 2327; x_wconf 88' lang='lat' dir='ltr'>ac</span> <span class='ocrx_word' id='word_1_202' title='bbox 1827 2269 1873 2326; x_wconf 89' lang='lat' dir='ltr'>si</span> 
     </span>
     <span class='ocr_line' id='line_1_24' title="bbox 152 2358 998 2433; baseline -0.008 -15"><span class='ocrx_word' id='word_1_203' title='bbox 152 2361 355 2419; x_wconf 85' lang='lat' dir='ltr'>diceret</span> <span class='ocrx_word' id='word_1_204' title='bbox 371 2406 387 2432; x_wconf 88' lang='lat'><strong><em>,</em></strong></span> <span class='ocrx_word' id='word_1_205' title='bbox 418 2359 487 2417; x_wconf 91' lang='lat' dir='ltr'>ad</span> <span class='ocrx_word' id='word_1_206' title='bbox 511 2358 801 2433; x_wconf 89' lang='lat' dir='ltr'>imaginem</span> <span class='ocrx_word' id='word_1_207' title='bbox 829 2374 998 2412; x_wconf 89' lang='lat' dir='ltr'>suam.</span> 
     </span>
    </p>

    <p class='ocr_par' dir='ltr' id='par_1_4' title="bbox 150 2441 1889 3215">
     <span class='ocr_line' id='line_1_25' title="bbox 232 2441 1867 2516; baseline -0.003 -9"><span class='ocrx_word' id='word_1_208' title='bbox 232 2449 358 2507; x_wconf 88' lang='lat' dir='ltr'><strong>VII.</strong></span> <span class='ocrx_word' id='word_1_209' title='bbox 401 2448 543 2506; x_wconf 92' lang='lat' dir='ltr'>Sunt</span> <span class='ocrx_word' id='word_1_210' title='bbox 563 2446 708 2503; x_wconf 91' lang='lat' dir='ltr'>enim</span> <span class='ocrx_word' id='word_1_211' title='bbox 736 2443 867 2502; x_wconf 91' lang='lat' dir='ltr'>tales</span> <span class='ocrx_word' id='word_1_212' title='bbox 890 2442 1103 2501; x_wconf 84' lang='lat' dir='ltr'>usitatae</span> <span class='ocrx_word' id='word_1_213' title='bbox 1127 2441 1184 2499; x_wconf 91' lang='lat' dir='ltr'>in</span> <span class='ocrx_word' id='word_1_214' title='bbox 1207 2442 1401 2500; x_wconf 89' lang='lat' dir='ltr'>litteris</span> <span class='ocrx_word' id='word_1_215' title='bbox 1418 2443 1525 2501; x_wconf 90' lang='lat' dir='ltr'>illis</span> <span class='ocrx_word' id='word_1_216' title='bbox 1544 2445 1867 2516; x_wconf 80' lang='lat' dir='ltr'>locutioneS‚</span> 
     </span>
     <span class='ocr_line' id='line_1_26' title="bbox 150 2529 1874 2617; baseline -0.002 -23"><span class='ocrx_word' id='word_1_217' title='bbox 150 2557 287 2617; x_wconf 89' lang='lat' dir='ltr'>quas</span> <span class='ocrx_word' id='word_1_218' title='bbox 327 2534 578 2593; x_wconf 91' lang='lat' dir='ltr'>nonnulli</span> <span class='ocrx_word' id='word_1_219' title='bbox 619 2531 829 2591; x_wconf 90' lang='lat' dir='ltr'>etiamsi</span> <span class='ocrx_word' id='word_1_220' title='bbox 871 2529 1203 2588; x_wconf 88' lang='lat' dir='ltr'>catholicam</span> <span class='ocrx_word' id='word_1_221' title='bbox 1241 2530 1407 2588; x_wconf 90' lang='lat' dir='ltr'>fidem</span> <span class='ocrx_word' id='word_1_222' title='bbox 1446 2545 1719 2603; x_wconf 89' lang='lat' dir='ltr'>asserunt,</span> <span class='ocrx_word' id='word_1_223' title='bbox 1764 2554 1874 2590; x_wconf 90' lang='lat' dir='ltr'>non</span> 
     </span>
     <span class='ocr_line' id='line_1_27' title="bbox 153 2616 1874 2698; baseline -0.003 -17"><span class='ocrx_word' id='word_1_224' title='bbox 153 2636 335 2681; x_wconf 90' lang='lat' dir='ltr'>tamen</span> <span class='ocrx_word' id='word_1_225' title='bbox 361 2622 648 2698; x_wconf 83' lang='lat' dir='ltr'>diligenter</span> <span class='ocrx_word' id='word_1_226' title='bbox 681 2619 1003 2688; x_wconf 85' lang='lat' dir='ltr'>advertunt,</span> <span class='ocrx_word' id='word_1_227' title='bbox 1032 2629 1093 2673; x_wconf 91' lang='lat' dir='ltr'>ut</span> <span class='ocrx_word' id='word_1_228' title='bbox 1117 2629 1315 2696; x_wconf 88' lang='lat' dir='ltr'>putent</span> <span class='ocrx_word' id='word_1_229' title='bbox 1335 2617 1410 2675; x_wconf 92' lang='lat' dir='ltr'>ita</span> <span class='ocrx_word' id='word_1_230' title='bbox 1440 2616 1649 2676; x_wconf 88' lang='lat' dir='ltr'>dictum</span> <span class='ocrx_word' id='word_1_231' title='bbox 1685 2642 1699 2675; x_wconf 71' lang='grc' dir='ltr'><strong>ε</strong></span> <span class='ocrx_word' id='word_1_232' title='bbox 1730 2646 1755 2670; x_wconf 86' lang='lat'><strong><em>«</em></strong></span> <span class='ocrx_word' id='word_1_233' title='bbox 1785 2621 1874 2676; x_wconf 79' lang='lat' dir='ltr'>Fe-</span> 
     </span>
     <span class='ocr_line' id='line_1_28' title="bbox 153 2703 1875 2783; baseline -0.002 -18"><span class='ocrx_word' id='word_1_234' title='bbox 153 2738 180 2765; x_wconf 85' lang='lat'>»</span> <span class='ocrx_word' id='word_1_235' title='bbox 204 2711 281 2767; x_wconf 90' lang='lat' dir='ltr'>cit</span> <span class='ocrx_word' id='word_1_236' title='bbox 320 2713 464 2768; x_wconf 90' lang='lat' dir='ltr'>Deus</span> <span class='ocrx_word' id='word_1_237' title='bbox 504 2709 574 2766; x_wconf 90' lang='lat' dir='ltr'>ad</span> <span class='ocrx_word' id='word_1_238' title='bbox 603 2706 894 2783; x_wconf 88' lang='lat' dir='ltr'>imaginem</span> <span class='ocrx_word' id='word_1_239' title='bbox 929 2703 1064 2771; x_wconf 90' lang='lat' dir='ltr'>Dei;</span> <span class='ocrx_word' id='word_1_240' title='bbox 1096 2729 1123 2756; x_wconf 90' lang='lat'>»</span> <span class='ocrx_word' id='word_1_241' title='bbox 1165 2704 1320 2783; x_wconf 89' lang='lat' dir='ltr'>quasi</span> <span class='ocrx_word' id='word_1_242' title='bbox 1363 2703 1681 2763; x_wconf 85' lang='lat' dir='ltr'>diceretur:</span> <span class='ocrx_word' id='word_1_243' title='bbox 1725 2707 1875 2763; x_wconf 88' lang='lat' dir='ltr'>Fecit</span> 
     </span>
     <span class='ocr_line' id='line_1_29' title="bbox 155 2790 1889 2872; baseline -0.004 -17"><span class='ocrx_word' id='word_1_244' title='bbox 155 2799 318 2855; x_wconf 87' lang='lat' dir='ltr'>Pater</span> <span class='ocrx_word' id='word_1_245' title='bbox 339 2796 406 2855; x_wconf 87' lang='lat' dir='ltr'>ad</span> <span class='ocrx_word' id='word_1_246' title='bbox 432 2795 724 2871; x_wconf 89' lang='lat' dir='ltr'>imaginem</span> <span class='ocrx_word' id='word_1_247' title='bbox 752 2793 877 2851; x_wconf 89' lang='lat' dir='ltr'>Filii</span> <span class='ocrx_word' id='word_1_248' title='bbox 907 2814 921 2849; x_wconf 73' lang='grc' dir='ltr'>ε</span> <span class='ocrx_word' id='word_1_249' title='bbox 957 2792 1034 2849; x_wconf 88' lang='lat' dir='ltr'>sic</span> <span class='ocrx_word' id='word_1_250' title='bbox 1067 2790 1304 2850; x_wconf 89' lang='lat' dir='ltr'>volentes</span> <span class='ocrx_word' id='word_1_251' title='bbox 1333 2811 1563 2849; x_wconf 83' lang='lat' dir='ltr'>asserere</span> <span class='ocrx_word' id='word_1_252' title='bbox 1588 2794 1645 2849; x_wconf 91' lang='lat' dir='ltr'>in</span> <span class='ocrx_word' id='word_1_253' title='bbox 1675 2793 1889 2872; x_wconf 70' lang='lat' dir='ltr'>Scrip-</span> 
     </span>
     <span class='ocr_line' id='line_1_30' title="bbox 155 2877 1876 2959; baseline -0.003 -18"><span class='ocrx_word' id='word_1_254' title='bbox 155 2885 290 2942; x_wconf 85' lang='lat' dir='ltr'>turis</span> <span class='ocrx_word' id='word_1_255' title='bbox 328 2884 524 2941; x_wconf 84' lang='lat' dir='ltr'>sanctis</span> <span class='ocrx_word' id='word_1_256' title='bbox 562 2884 739 2940; x_wconf 88' lang='lat' dir='ltr'>Deum</span> <span class='ocrx_word' id='word_1_257' title='bbox 776 2880 988 2938; x_wconf 91' lang='lat' dir='ltr'>dictum</span> <span class='ocrx_word' id='word_1_258' title='bbox 1029 2877 1194 2935; x_wconf 88' lang='lat' dir='ltr'>etiam</span> <span class='ocrx_word' id='word_1_259' title='bbox 1232 2877 1472 2950; x_wconf 86' lang='lat' dir='ltr'>Filium,</span> <span class='ocrx_word' id='word_1_260' title='bbox 1507 2879 1664 2959; x_wconf 91' lang='lat' dir='ltr'>quasi</span> <span class='ocrx_word' id='word_1_261' title='bbox 1700 2879 1876 2936; x_wconf 84' lang='lat' dir='ltr'>desint</span> 
     </span>
     <span class='ocr_line' id='line_1_31' title="bbox 157 2963 1876 3037; baseline -0.003 -9"><span class='ocrx_word' id='word_1_262' title='bbox 157 2971 261 3028; x_wconf 87' lang='lat' dir='ltr'>alia</span> <span class='ocrx_word' id='word_1_263' title='bbox 280 2970 555 3030; x_wconf 87' lang='lat' dir='ltr'>verissima</span> <span class='ocrx_word' id='word_1_264' title='bbox 586 2981 639 3026; x_wconf 88' lang='lat' dir='ltr'>et</span> <span class='ocrx_word' id='word_1_265' title='bbox 662 2964 1094 3026; x_wconf 88' lang='lat' dir='ltr'>manifestissima</span> <span class='ocrx_word' id='word_1_266' title='bbox 1116 2963 1447 3023; x_wconf 89' lang='lat' dir='ltr'>documenta</span> <span class='ocrx_word' id='word_1_267' title='bbox 1466 3011 1482 3037; x_wconf 89' lang='lat'>,</span> <span class='ocrx_word' id='word_1_268' title='bbox 1513 2966 1613 3023; x_wconf 92' lang='lat' dir='ltr'>ubi</span> <span class='ocrx_word' id='word_1_269' title='bbox 1642 2987 1752 3023; x_wconf 90' lang='lat' dir='ltr'>non</span> <span class='ocrx_word' id='word_1_270' title='bbox 1783 2987 1876 3022; x_wconf 89' lang='lat' dir='ltr'>so-</span> 
     </span>
     <span class='ocr_line' id='line_1_32' title="bbox 156 3052 1876 3128; baseline -0.004 -11"><span class='ocrx_word' id='word_1_271' title='bbox 156 3058 273 3117; x_wconf 92' lang='lat' dir='ltr'>lum</span> <span class='ocrx_word' id='word_1_272' title='bbox 292 3062 442 3116; x_wconf 91' lang='lat' dir='ltr'>Deus</span> <span class='ocrx_word' id='word_1_273' title='bbox 460 3103 474 3128; x_wconf 88' lang='lat'>‚</span> <span class='ocrx_word' id='word_1_274' title='bbox 498 3056 590 3114; x_wconf 86' lang='lat' dir='ltr'>sed</span> <span class='ocrx_word' id='word_1_275' title='bbox 612 3057 774 3114; x_wconf 89' lang='lat' dir='ltr'>etiam</span> <span class='ocrx_word' id='word_1_276' title='bbox 792 3074 949 3115; x_wconf 86' lang='lat' dir='ltr'>verus</span> <span class='ocrx_word' id='word_1_277' title='bbox 970 3053 1118 3110; x_wconf 88' lang='lat' dir='ltr'>Deus</span> <span class='ocrx_word' id='word_1_278' title='bbox 1141 3052 1321 3111; x_wconf 88' lang='lat' dir='ltr'>dictus</span> <span class='ocrx_word' id='word_1_279' title='bbox 1339 3067 1419 3111; x_wconf 89' lang='lat' dir='ltr'>est</span> <span class='ocrx_word' id='word_1_280' title='bbox 1440 3053 1610 3112; x_wconf 90' lang='lat' dir='ltr'>Filius</span> <span class='ocrx_word' id='word_1_281' title='bbox 1638 3076 1653 3111; x_wconf 73' lang='grc' dir='ltr'><strong><em>ε</em></strong></span> <span class='ocrx_word' id='word_1_282' title='bbox 1682 3056 1748 3111; x_wconf 91' lang='lat' dir='ltr'>In</span> <span class='ocrx_word' id='word_1_283' title='bbox 1767 3054 1876 3111; x_wconf 86' lang='lat' dir='ltr'>hoc</span> 
     </span>
     <span class='ocr_line' id='line_1_33' title="bbox 157 3138 1880 3215; baseline -0.004 -12"><span class='ocrx_word' id='word_1_284' title='bbox 157 3145 302 3204; x_wconf 89' lang='lat' dir='ltr'>enim</span> <span class='ocrx_word' id='word_1_285' title='bbox 326 3144 634 3203; x_wconf 89' lang='lat' dir='ltr'>testimonio</span> <span class='ocrx_word' id='word_1_286' title='bbox 662 3142 796 3202; x_wconf 89' lang='lat' dir='ltr'>dum</span> <span class='ocrx_word' id='word_1_287' title='bbox 825 3139 973 3202; x_wconf 89' lang='lat' dir='ltr'>aliud</span> <span class='ocrx_word' id='word_1_288' title='bbox 996 3138 1198 3203; x_wconf 85' lang='lat' dir='ltr'>solvere</span> <span class='ocrx_word' id='word_1_289' title='bbox 1230 3139 1552 3215; x_wconf 81' lang='lat' dir='ltr'>intendunt,</span> <span class='ocrx_word' id='word_1_290' title='bbox 1585 3140 1662 3200; x_wconf 89' lang='lat' dir='ltr'>sic</span> <span class='ocrx_word' id='word_1_291' title='bbox 1689 3161 1742 3200; x_wconf 89' lang='lat' dir='ltr'>se</span> <span class='ocrx_word' id='word_1_292' title='bbox 1769 3140 1880 3198; x_wconf 90' lang='lat' dir='ltr'>im-</span> 
     </span>
    </p>
   </div>
   <div class='ocr_carea' id='block_1_3' title="bbox 219 3250 603 3304">
    <p class='ocr_par' dir='ltr' id='par_1_5' title="bbox 219 3250 603 3304">
     <span class='ocr_line' id='line_1_34' title="bbox 219 3250 603 3304; baseline -0.008 -14"><span class='ocrx_word' id='word_1_293' title='bbox 219 3250 233 3280; x_wconf 86' lang='lat'><strong>¹</strong></span> <span class='ocrx_word' id='word_1_294' title='bbox 255 3251 360 3295; x_wconf 81' lang='lat' dir='ltr'>Gen.</span> <span class='ocrx_word' id='word_1_295' title='bbox 388 3263 418 3301; x_wconf 88' lang='lat'>1,</span> <span class='ocrx_word' id='word_1_296' title='bbox 437 3250 510 3304; x_wconf 74' lang='lat'>26,</span> <span class='ocrx_word' id='word_1_297' title='bbox 532 3262 603 3299; x_wconf 83' lang='lat'>27.</span> 
     </span>
    </p>
   </div>
  </div>
 </body>
</html>
