2144 3808
320 339 435 398 292
455 345 459 348 ⁴
850 343 896 385 8.·
945 341 1251 387 mausum
1270 341 1282 355 ³
1293 343 1564 387 Erlscol’r

312 530 469 547 mm
476 531 2038 561 mmmmmmmmmmmmmw-mmmmmw-

999 689 1230 748 LIBER
1273 688 1368 751 IV.
1435 698 1437 700 ’

311 865 579 940 Explicat
605 869 682 924 ad
699 871 835 942 quid
863 873 1061 926 missus
1079 873 1151 927 sit
1176 871 1363 926 Filius
1390 871 1527 925 Dei:
1552 871 1765 927 Christo
1790 873 2048 929 videlicet

378 969 484 1023 pro
501 955 885 1025 peccatoribus
925 957 1194 1010 moriente
1213 954 1666 1028 persuadendum
1695 957 1854 1010 nobis
1885 959 2047 1029 fuisse

379 1033 444 1085 in
457 1036 666 1106 primis
689 1049 740 1089 et
766 1051 1042 1107 quantum
1059 1039 1168 1091 ‘nos
1193 1037 1454 1091 dileaeerit
1477 1038 1644 1100 Deus,
1671 1051 1723 1092 et>
1745 1039 1931 1108 quales
1959 1041 2047 1093 di-

381 1114 596 1168 lexerit·
620 1116 945 1189 Opportune
968 1120 1141 1172 etiam
1161 1119 1315 1187 utad
1335 1119 1831 1190 contemplandum
1861 1123 2044 1176 Deum

378 1207 429 1248 et
446 1196 837 1253 cohoercndum
882 1201 998 1255 Deo
1033 1200 1464 1262 mundaremur,
1518 1199 1765 1254 Verbum
1790 1204 1853 1255 in
1881 1222 2047 1257 carne

383 1282 609 1337 venisse.
632 1281 818 1353 Ipsius
831 1295 1008 1336 morte
1031 1301 1146 1336 una
1158 1294 1209 1336 et
1227 1282 1474 1354 sim-plici
1500 1282 1776 1356 duplicem
1798 1297 2046 1340 nostram

376 1364 616 1425 solutam
661 1384 768 1419 esse
778 1388 800 1428 ;
842 1365 941 1418 ubi
978 1365 1229 1419 edisserit
1269 1365 1740 1434 quemadmodum
1779 1367 2047 1440 simplum

376 1447 696 1501 Salvatoris
720 1449 899 1500 nostri
930 1447 1099 1518 duplo
1127 1459 1311 1500 nostro
1343 1446 1600 1500 concinat
1619 1448 1695 1498 ad
1719 1448 1972 1509 salutem,
1995 1460 2047 1501 et

378 1529 444 1583 de
466 1531 800 1602 perfectione
820 1531 1046 1584 numeri
1065 1531 1297 1589 senarii,
1328 1531 1390 1581 in
1415 1548 1578 1600 quem
1605 1550 1906 1585 numerum
1925 1532 2046 1602 ipsa

378 1611 574 1684 simpli
595 1611 671 1665 ad
697 1612 934 1685 duplum
973 1613 1122 1664 ratio
1148 1611 1472 1672 deducitur,
1501 1613 1681 1683 fusius
1704 1614 1842 1687 agit.
1877 1613 2046 1666 Docet

371 1695 561 1768 colligi
589 1713 777 1748 omnes
806 1714 876 1748 ea:
895 1695 1088 1748 multis
1115 1696 1179 1753 in
1219 1713 1398 1748 unum
1430 1713 1527 1765 per
1555 1714 1737 1748 unum
1771 1696 2045 1748 mediato—

373 1796 494 1830 rem
518 1778 650 1830 vitm
692 1777 994 1839 Christum,
1033 1772 1321 1849 per‘quem
1358 1777 1533 1830 solum
1578 1797 1712 1830 vera
1750 1776 1817 1849 sit
1839 1779 2045 1831 anima>

367 1860 653 1932 purgatio,
696 1861 971 1912 Coeterum
992 1859 1216 1912 Filium
1262 1859 1384 1923 Dei,
1416 1877 1745 1929 quanquam
1787 1860 2045 1912 missione

373 1943 552 2013 factus
583 1940 656 1993 sit
683 1943 874 1992 minor
900 1953 1123 2012 propter
1148 1942 1395 2012 sormam
1421 1943 1572 1994 servi
1596 1960 1767 2012 quam
1786 1943 2039 2012 suscepit,

374 2041 486 2075 non
508 2034 694 2075 tamen
719 2023 841 2075 ideo
861 2024 1139 2075 minorem
1161 2022 1331 2074 Patre
1351 2023 1656 2075 secundum
1678 2026 1922 2095 formam
1947 2024 2048 2077 Dei

375 2104 509 2172 quia
521 2103 591 2155 ab
615 2105 731 2174 ipso
763 2104 965 2156 missus
985 2116 1061 2156 est
1087 2123 1104 2157 :
1133 2102 1494 2172 eamdemque
1517 2103 1582 2155 de
1601 2103 1849 2176 Spiritus
1863 2106 2044 2157 saneti

371 2186 633 2240 missione
652 2187 935 2241 rationem
959 2205 1066 2240 esse
1094 2187 1458 2240 demonstrat.

386 2376 432 2435 I.
473 2374 790 2433 SCIENTIAM
819 2371 1157 2431 terrestrium
1195 2371 1611 2453 coelestiumque
1648 2392 1831 2430 rerum
1860 2374 2043 2449 magni

298 2463 571 2524 aestimare
597 2461 732 2520 solet
755 2482 921 2539 genus
944 2462 1288 2520 humanum:
1321 2462 1376 2520 in
1396 2483 1507 2542 quo
1523 2461 1770 2542 profecto
1796 2462 2042 2520 meliores

299 2567 426 2612 sunt
442 2552 539 2633 qui
567 2552 702 2610 huic
728 2552 970 2610 seientiae
991 2565 1332 2632 praeponunt
1362 2572 1516 2609 nosse
1541 2551 1888 2630 semetipsos;
1914 2551 2041 2610 lau·-

302 2642 650 2723 dabiliorque
691 2653 773 2699 est
815 2641 1051 2712 animus,
1085 2642 1180 2699 cui
1210 2654 1339 2699 nota
1366 2653 1444 2699 est
1478 2638 1564 2698 vel
1598 2640 1886 2698 infirmitas
1917 2662 2034 2712 sua,

301 2753 470 2813 quam
507 2730 605 2811 qui
630 2752 692 2788 ea
728 2751 841 2788 non
865 2742 1132 2810 respecta,
1166 2729 1279 2788 vias
1307 2729 1545 2787 siderum
1576 2740 1851 2786 scrutatur
1876 2729 2040 2786 etiam

303 2820 642 2895 cognituniS‚
671 2831 766 2876 aut
796 2818 891 2897 qui
911 2822 1024 2893 jam
1052 2817 1296 2892 cognitas
1322 2829 1486 2886 tenet,
1514 2816 1766 2890 ignorans
1790 2816 1906 2896 ipse
1927 2838 2039 2898 qua

298 2909 640 2985 ingrediatur
669 2908 736 2966 ad
758 2908 987 2965 salutem
1011 2927 1072 2964 ac
1095 2906 1405 2963 firmitatem
1439 2927 1610 2963 suam.
1649 2906 1759 2976 Qui
1789 2928 1914 2963 vero
1921 2910 2037 2981 jam

301 2997 578 3072 evigilavit
607 2997 663 3053 in
691 3000 890 3065 Deum,
921 2995 1156 3075 Spiritus
1179 2994 1348 3051 sancti
1369 2995 1546 3052 calore
1568 2995 1850 3063 excitatu3‚
1874 3010 2037 3073 atque

298 3086 358 3144 in
386 3090 502 3161 ejus
532 3105 713 3142 amore
742 3105 927 3142 coram
957 3091 1011 3140 εέ
1046 3082 1239 3152 viluit,
1273 3083 1340 3140 ad
1372 3104 1607 3163 eumque
1630 3083 1833 3141 intrare
1853 3082 2038 3141 volens

297 3194 400 3234 nec
421 3172 630 3245 valenS,
652 3192 824 3252 eoque
844 3171 949 3229 sibi
964 3170 1181 3230 lucente
1200 3171 1468 3230 attendit
1454 3194 1513 3231 ln
1525 3193 1577 3230 se
1588 3171 1938 3253 ‚mvenitque
1956 3193 2030 3244 se,

296 3282 560 3343 suamque
587 3260 969 3337 aegritudinem
1003 3258 1150 3320 illius
1178 3260 1469 3321 munditiae
1498 3259 1899 3339 contemperari
1929 3280 2041 3318 non
