2144 3808
280 232 396 294 286
811 253 857 292 s.
909 251 1214 298 Aueusrlm
1253 232 1518 295 'Erlscom

282 362 310 390 >2
335 333 557 392 flamma
576 332 713 411 ignis
736 332 792 392 in
816 334 977 396 rub0.
1011 343 1224 417 Moyses
1249 351 1428 396 autem
1448 335 1638 394 videns
1658 383 1672 407 ,
1702 336 2006 397 mirabatur

283 450 310 476 »
333 420 566 482 visum1.
606 422 717 495 Qui
745 445 872 482 cum
910 426 1188 485 accederet
1215 426 1588 497 considerare,
1622 424 1765 484 facta
1799 439 1880 485 est
1905 446 2007 486 vox

280 539 307 566 ›>
329 511 555 572 Domini
581 510 768 571 dicens
801 539 817 575 τ.
857 516 966 591 Ego
994 537 1114 573 sum
1146 520 1294 574 Deus
1324 529 1549 596 patrum
1571 529 1829 588 tuorum,
1861 517 2009 574 Deus

276 629 304 656 »
329 600 614 661 Abraham
632 647 648 674 ,
680 615 735 660 et
758 605 904 660 Deus
927 604 1078 662 Isaac
1096 650 1109 674 ‚
1139 617 1192 662 et
1222 605 1366 662 Deus
1395 604 1593 664 Jacob.
1631 602 2011 662 Tremefactus

272 716 301 744 >2
324 704 507 750 autem
532 691 748 771 Moyses
768 739 782 763 ,
818 714 930 750 non
959 692 1197 751 audehat
1237 691 1597 751 considerare.
1633 693 1892 774 Dixitque
1928 691 2011 750 illi

277 780 601 863 »Do-minus
630 802 645 838 ε
675 780 836 840 Solve
862 782 1295 842 calceamentum
1320 781 1522 862 pedum
1556 795 1778 841 tuorum
1798 828 1813 852 ,
1847 795 1952 841 etc.
1982 807 2031 859 »A

279 865 388 929 Hic
420 882 564 929 certe
605 883 659 929 et
686 870 956 946 Angelum
998 884 1051 930 et
1092 872 1391 931 Dominum
1418 871 1604 943 dicit,
1650 870 2012 951 eumdemque

278 961 462 1018 Deum
484 958 799 1031 Abraham,
830 972 883 1018 et
912 961 1090 1019 Deum
1114 963 1266 1021 Isaac
1286 1004 1302 1035 ,
1340 973 1394 1019 et
1421 963 1600 1020 Deum
1630 962 1803 1020 Jacob
1822 1008 1837 1034 ,
1872 960 2014 1019 sicut

276 1046 336 1107 in
366 1047 563 1106 Genesi
589 1047 859 1127 scriptum
887 1061 984 1108 est.

358 1135 534 1196 XXV.
578 1138 661 1194 An
692 1135 832 1194 forte
870 1137 1163 1218 quisquam
1201 1138 1453 1198 dicturus
1492 1152 1602 1211 est,
1639 1137 1792 1220 quod
1831 1137 2014 1218 Moysi

276 1245 379 1306 per
406 1222 673 1301 Angelum
695 1226 956 1305 apparuit
981 1226 1272 1299 DominUS,
1303 1227 1546 1286 Abrahae
1571 1249 1699 1288 vero
1728 1248 1828 1308 per
1850 1247 1903 1284 se
1921 1228 2015 1307 ip-

279 1318 482 1395 psum?
507 1317 577 1373 At
601 1313 714 1372 hoc
731 1337 760 1372 a
781 1315 1068 1396 Stephano
1092 1338 1204 1375 non
1221 1338 1536 1398 quaeramus
1565 1341 1581 1376 t
1608 1318 1789 1399 ipsum
1808 1316 2018 1375 librum-

279 1402 426 1463 unde
469 1403 784 1484 Stephanus
819 1404 919 1462 ista
951 1406 1223 1477 narravit,
1266 1408 1675 1483 interrogemus,
1729 1403 2017 1485 Numquid

278 1491 423 1552 enim
457 1492 588 1574 quia
628 1493 902 1574 scriptum
934 1507 1014 1552 est
1049 1516 1066 1553 t
1114 1522 1142 1549 ι(
1173 1497 1244 1553 Et
1275 1491 1411 1554 dixit
1458 1498 1732 1555 Dominus
1764 1496 1910 1552 Deus
1948 1491 2022 1551 ad·

281 1609 309 1637 >³
333 1582 655 1642 Abraham²
683 1605 698 1642 ι
722 1610 749 1637 »
792 1597 846 1643 et
877 1585 1048 1665 paulo
1080 1598 1244 1666 post:
1286 1612 1313 1640 <‹
1344 1587 1414 1644 Et
1443 1586 1589 1646 visus
1635 1599 1715 1644 est
1749 1580 2033 1643 Dominus

279 1699 306 1727 »
332 1673 478 1731 Deus
502 1673 783 1745 Abrahae³
812 1696 827 1732 z
852 1701 879 1728 »
909 1689 1201 1756 propterea
1226 1675 1327 1734 ista
1353 1698 1463 1735 non
1484 1698 1583 1758 per
1614 1674 1841 1751 Angelos
1873 1671 2019 1731 facta

280 1765 440 1821 sunt?
471 1762 615 1822 Cum
647 1763 754 1822 alio
783 1763 906 1823 loco
935 1764 1182 1823 similiter
1210 1764 1360 1823 dicat
1390 1788 1405 1823 ε
1434 1792 1461 1818 «
1491 1766 1648 1823 Visus
1672 1777 1750 1821 est
1774 1775 1950 1820 autem
1969 1759 2020 1819 ei

281 1877 308 1904 ›>
332 1852 478 1910 Deus
507 1851 577 1910 ad
599 1852 784 1911 ilicem
814 1853 1088 1923 Mambre,
1116 1853 1325 1912 sedenti
1357 1854 1426 1913 ad
1451 1854 1649 1912 ostium
1677 1848 2020 1911 tabernaculi

280 1966 308 1995 »
330 1942 415 2000 sui
447 1940 704 2001 meridiel⁸
734 1964 749 1999 ε
776 1970 803 1997 >>
824 1955 1079 2001 ettamen
1100 1957 1492 2024 consequenter
1513 1943 1776 2019 adjungat
1801 1963 1815 1998 :
1841 1968 1865 1993 «
1887 1942 2018 1999 Res·
2101 2006 2105 2009 ,

281 2055 310 2085 >>
330 2031 541 2112 piciens
571 2044 750 2090 autem
784 2031 957 2090 oculis
986 2032 1096 2090 suis
1121 2031 1287 2102 vidit,
1321 2046 1375 2091 et
1398 2053 1522 2113 ecce
1545 2045 1651 2089 tres
1674 2029 1777 2088 viri
1798 2028 2020 2087 stabant

200 2189 210 2199 J
283 2140 498 2200 »super
530 2141 693 2188 eum;
721 2147 749 2174 ›>
777 2119 847 2179 de
880 2121 1084 2201 quibus
1114 2125 1231 2198 jam
1258 2120 1508 2181 diximus,
1551 2118 1848 2192 Quomodo
1871 2116 2019 2175 enim

282 2223 547 2291 poterunt
571 2209 694 2282 isti,
733 2209 829 2291 qui
854 2209 941 2269 vel
971 2233 1001 2269 a
1033 2211 1214 2270 verbis
1241 2210 1308 2269 ad
1340 2210 1677 2270 intellectum
1707 2208 1904 2268 nolunt
1927 2229 2018 2265 as-

281 2320 498 2376 surgere
515 2345 531 2371 ,
566 2299 653 2357 vel
673 2297 832 2358 facile
852 2320 906 2357 se
935 2299 1006 2358 ab
1034 2300 1311 2359 intellectu
1348 2300 1404 2359 in
1428 2301 1597 2360 verba
1628 2299 2018 2381 praecipitant,

281 2387 566 2470 quomodo
605 2401 868 2470 poterunt
904 2389 1172 2470 explicare
1213 2390 1388 2449 visum
1422 2412 1532 2448 esse
1576 2391 1750 2448 Deum
1795 2389 1853 2447 in
1890 2385 2018 2447 viris

282 2478 463 2538 tribus
482 2524 496 2548 ,
522 2479 625 2537 nisi
644 2500 757 2549 θος,
784 2479 927 2537 sicut
942 2479 1103 2538 etiarn
1130 2481 1513 2562 consequentia
1535 2480 1758 2550 docent,
1791 2474 2017 2554 Angelos

280 2566 444 2626 fuisse
470 2566 782 2626 fateantur?
810 2568 896 2626 An
924 2569 1052 2649 quia
1078 2591 1186 2627 non
1213 2570 1427 2653 dictum
1450 2582 1528 2627 est
1554 2591 1569 2625 ε
1601 2567 1836 2644 Angelus
1859 2567 1908 2624 ei
1929 2566 2018 2625 lo·-

281 2670 443 2716 cutus
495 2668 575 2714 est
623 2655 710 2715 vel
763 2657 1053 2736 apparuit3
1108 2672 1401 2739 propterea
1453 2657 1632 2716 dicere
1694 2655 2012 2727 audebunt,

227 2764 231 2771 ·
282 2744 461 2827 Moysi
477 2743 699 2827 quidem
724 2743 873 2803 illam
900 2745 1157 2805 visionem
1181 2769 1246 2805 ac
1267 2768 1455 2805 vocem
1485 2767 1584 2826 per
1611 2744 1872 2821 Angelum
1895 2742 2018 2802 fac-

280 2847 425 2905 tam,
456 2833 685 2915 quia·ita
709 2835 981 2915 scriptum
1013 2850 1117 2908 est,
1162 2835 1405 2895 Abrahae
1447 2848 1628 2894 autem
1650 2881 1665 2907 ,
1699 2835 1829 2917 quia
1860 2854 2019 2892 com-

280 2923 603 2981 memoratio
638 2922 830 2999 Angeli
862 2945 974 2982 non
1011 2937 1090 2983 est
1113 2924 1253 2983 facta
1280 2971 1294 2996 ,
1339 2947 1439 3005 per
1472 2925 1832 2983 substantiam
1863 2942 2014 2981 suam

280 3014 459 3072 Deum
497 3011 812 3092 apparuisse
842 3025 1005 3094 atque
1042 3015 1316 3073 sonuisse?
1360 3013 1510 3086 Quid
1537 3013 1688 3096 quod
1728 3033 1828 3071 uec
1866 3010 2017 3092 apud

280 3101 564 3162 Abraham
585 3099 654 3159 de
681 3099 885 3176 Angelo
916 3102 1147 3161 tacitum
1177 3107 1296 3162 est?
1325 3105 1465 3162 Nam
1502 3104 1579 3162 ita
1616 3102 1846 3180 legitur,
1885 3120 2015 3158 cum

338 3206 354 3237 ²
373 3205 499 3249 Exod.
518 3217 590 3257 111,
610 3218 652 3251 π.
676 3224 727 3239 ν·-
754 3200 775 3232 2
796 3206 902 3250 Gen,
926 3218 1001 3256 xit,
1023 3220 1062 3251 ι.
1083 3227 1143 3239 --
1166 3204 1186 3239 3
1214 3208 1274 3253 Id.
1295 3222 1395 3259 xvtr,
1419 3223 1455 3253 1.
1477 3205 1662 3255 -2,⁴(1d‚
1683 3218 1805 3258 xvxix,
1835 3221 1872 3250 r.
