2144 3808
582 295 656 337 ms
687 292 1019 350 mmmmm,
1064 295 1179 336 mn.
1229 297 1305 338 ιν.
1695 283 1804 342 301

1245 377 1256 387 ο
1310 378 1322 389 ο
1370 377 1382 389 0
1436 379 1450 393 ς

90 467 363 527 interioris
386 465 626 526 bominis
649 477 1072 538 sacramentum,
1099 465 1197 525 hic
1214 465 1570 548 praebebatur
1594 473 1815 530 exterio-

8 561 13 565 “
90 556 166 615 ris
188 555 530 636 exemplum?
556 554 643 613 An
674 553 815 618 forte
842 554 1134 636 quisquam
1155 554 1236 613 ita
1259 567 1338 615 est
1360 555 1632 616 absurdus
1655 572 1817 640 atque

94 663 308 704 aversus
336 665 368 702 a
393 663 524 703 vero
545 655 609 700 ut
638 641 832 703 audeat
854 642 1034 701 dicere
1061 665 1094 702 a
1111 642 1242 704 viris
1272 665 1399 703 eum
1423 657 1636 704 tactum
1667 661 1818 706 ante-

93 753 262 813 quam
301 727 633 803 ascenderet,
660 754 690 790 a
708 731 1040 809 ‚mulieribus
1068 745 1251 794 autem
1281 753 1409 792 cum
1454 735 1776 795 ascendisset
1797 741 1824 795 ἱ»)

93 823 332 903 Propter
351 823 462 881 hoc
498 820 806 902 exemplum
843 819 1048 882 futurae
1091 836 1294 883 nostrae
1332 825 1739 884 resurrectionis
1764 826 1824 884 in

93 930 351 990 corpore,
399 910 556 990 quod
592 909 871 990 praecessit
898 908 959 969 in
990 910 1230 970 Domino
1251 958 1267 984 ,
1310 911 1447 970 dicit
1475 914 1769 994 Apostolus
1801 936 1816 972 ε

93 1022 123 1052 «
144 998 374 1056 Initium
395 997 676 1070 ChristuS,
717 997 914 1056 deinde
937 999 1036 1078 qui
1058 1012 1196 1058 sunt.
1210 999 1420 1058 Christi
1440 999 1482 1060 1.
1511 1026 1538 1054 ))
1568 1006 1653 1059 De
1683 1022 1815 1060 cor-

93 1087 244 1167 poris
267 1087 414 1145 enim
433 1087 826 1152 resurrectione
840 1085 936 1144 illo
955 1086 1079 1146 loco
1109 1088 1394 1164 agebatur,
1418 1103 1646 1169 propter
1663 1111 1830 1171 quam

96 1176 263 1235 etiam
283 1175 420 1235 dicit·
454 1198 468 1233 ε
510 1202 538 1229 c<
567 1175 1003 1251 Transfiguravit
1041 1197 1243 1257 corpus
1269 1177 1598 1236 humilitatis
1626 1192 1828 1238 nostrae

97 1264 438 1324 »conforme
455 1265 679 1345 corpori
707 1264 895 1339 gloriae
927 1284 1040 1322 suae
1063 1265 1106 1323 2.
1133 1291 1161 1319 2>
1192 1267 1313 1324 Una
1336 1287 1462 1342 ergo
1489 1288 1633 1325 mors
1655 1268 1827 1326 nostri

97 1352 393 1412 Salv'atoris
410 1352 627 1411 duabus
641 1352 915 1417 mortibus
937 1352 1134 1411 nostris
1155 1352 1318 1412 saluti
1335 1352 1459 1414 suit.
1498 1356 1569 1411 Et
1586 1375 1696 1414 una
1716 1361 1760 1432 ej
1770 1377 1832 1414 us

99 1441 419 1499 resurrectio
439 1440 574 1498 duas
602 1440 764 1498 nobis
799 1441 1216 1500 resurrectiones
1237 1441 1517 1521 praestitit,
1553 1463 1682 1501 cum
1705 1464 1832 1502 cor-

99 1549 206 1609 pus
231 1534 346 1605 ejus
369 1531 679 1608 inutraque
706 1550 788 1600 re,
820 1528 879 1590 id
900 1541 1008 1599 est,
1033 1542 1092 1592 ‚et
1117 1530 1176 1587 in
1200 1543 1377 1588 morte
1401 1531 1534 1590 etin
1562 1552 1835 1590 resurrec-

103 1618 271 1687 tione,
307 1631 361 1675 et
390 1629 729 1681 sacramento
749 1616 1021 1674 interioris
1034 1617 1275 1675 hominis
1298 1619 1494 1689 nostri,
1523 1633 1576 1677 et
1591 1621 1836 1699 exemplo

102 1705 376 1764 exterioris
406 1751 422 1777 ,
471 1702 784 1763 medicinali
831 1705 1074 1785 quadam
1123 1707 1501 1765 convenientia
1553 1707 1834 1767 ministra-

102 1807 224 1852 tum
256 1808 352 1855 est.
1227 1851 1229 1853 ,

185 1882 311 1945 Vll.
349 1882 688 1940 Haec'autem
721 1881 860 1939 ratio
901 1881 1087 1962 simpli
1130 1882 1201 1942 ad
1229 1882 1467 1963 duplum
1495 1884 1670 1943 oritur
1707 1886 1838 1966 qui—

105 1969 230 2028 dem
260 1992 288 2027 a
311 1969 547 2035 ternario
569 1990 796 2028 numero
816 1995 831 2038 3
855 1990 1027 2029 unum
1050 1971 1261 2052 quippe
1288 1972 1359 2030 ad
1382 1972 1516 2044 duo,
1542 1974 1648 2031 tria
1671 1987 1830 2032 sunt:

105 2059 198 2118 sed
217 2059 528 2117 hoc-totum
564 2058 717 2139 quod
758 2058 900 2130 dixi,
949 2059 1018 2117 ad
1047 2061 1319 2125 senarium
1352 2063 1629 2141 pervenit3
1663 2076 1835 2121 unum

106 2148 251 2206 enim
277 2159 330 2204 et
359 2146 470 2204 duo
491 2159 543 2204 et
567 2146 670 2204 tria
683 2167 768 2204 sex
788 2147 948 2221 fiunt.
975 2147 1088 2216 Qui
1112 2168 1372 2205 numerus
1391 2163 1683 2229 propterea
1706 2173 1838 2230 per-

106 2234 281 2300 fectus
306 2234 511 2293 dicitur
530 2235 659 2314 quia
690 2234 945 2313 partibus
980 2234 1087 2291 suis
1117 2235 1462 2315 completur:
1497 2238 1672 2295 habet
1692 2240 1839 2296 enim

108 2323 227 2382 illas
257 2337 386 2395 treS,
415 2335 637 2393 sextam,
666 2323 879 2379 tertiam
911 2321 1197 2380 dimidiam
1214 2332 1233 2392 3'
1263 2345 1362 2382 nec
1407 2324 1519 2383 ulla
1562 2348 1664 2406 par
1701 2326 1806 2384 alia
1824 2373 1839 2397 ‚

111 2432 237 2492 quae
267 2411 378 2491 pici
399 2411 571 2491 possit
591 2423 758 2489 quota
782 2410 872 2478 sit,
897 2410 1174 2468 invenitur
1201 2413 1259 2469 in
1285 2433 1365 2471 eo,
1403 2414 1560 2471 Sexta
1581 2435 1708 2490 ergo
1730 2418 1844 2489 ejus

111 2520 286 2559 unum
314 2511 414 2570 est,
448 2500 607 2557 tertia
631 2498 766 2569 duo,
796 2498 1025 2556 dimidia
1055 2499 1176 2557 tria.
1211 2504 1402 2558 Unum
1432 2515 1626 2560 autem
1654 2516 1706 2560 et
1729 2503 1840 2560 duo

112 2603 165 2649 et
188 2589 292 2647 tria
320 2600 704 2647 consummant
733 2587 986 2646 eumdem
1015 2589 1306 2648 senarium.
1340 2589 1512 2665 Cujus
1545 2590 1844 2670 perfectio—

113 2699 239 2736 nem
285 2677 446 2734 nobis
471 2690 656 2735 sancta
691 2677 980 2757 Scriptura
1024 2677 1396 2747 commendat,
1429 2678 1483 2735 in
1510 2701 1572 2736 eo
1616 2681 1845 2736 maxime

115 2765 266 2846 quod
285 2767 425 2822 Deus
446 2787 529 2822 sex
551 2765 745 2823 diebus
762 2764 990 2845 perfecit
1009 2786 1174 2843 opera
1198 2786 1316 2837 sua,
1339 2778 1390 2822 et
1406 2779 1548 2824 sexto
1569 2766 1657 2824 die
1671 2767 1845 2825 factus

119 2867 196 2912 est
220 2853 384 2910 homo
415 2851 484 2909 ad
518 2852 805 2928 imaginem
834 2853 939 2910 Dei
962 2852 1002 2911 3.
1039 2854 1107 2909 Et
1132 2866 1282 2910 sexta
1320 2865 1479 2911 aetate
1507 2854 1846 2929 generishu-

126 2940 296 3010 mani,
322 2940 490 2997 Filius
520 2940 621 3005 Dei
643 2941 808 3009 venit,
825 2954 886 3007 vet
899 2940 1075 2997 factus
1102 2953 1180 2997 est
1208 2940 1368 2997 Filius
1393 2940 1653 3012 homini5‚
1679 2956 1849 3000 utnos

121 3028 440 3088 reformaret
457 3027 529 3085 ad
548 3027 837 3103 imaginem
866 3029 976 3087 Dei.
1012 3029 1087 3086 Ea
1108 3029 1315 3109 quippe
1327 3050 1475 3089 nunc
1493 3030 1846 3106 aetasagitur‚

125 3118 239 3179 sive
275 3117 482 3178 milleni
508 3116 634 3175 anni
661 3116 885 3193 singulis
911 3116 1622 3192 distribuanturlfaetattbus,
1653 3119 1763 3181 sive
1791 3119 1849 3177 in

190 3224 205 3251 ¹
241 3235 259 3261 ι
284 3222 379 3263 Cor.
398 3234 471 3277 xv,
497 3223 567 3261 23.
586 3241 645 3250 -
667 3217 687 3248 ²
710 3219 861 3276 Philip.
883 3233 954 3277 ιιι,
973 3233 1043 3264 ax.
1064 3243 1125 3255 --
1143 3216 1162 3251 3
1180 3223 1284 3271 Gen.
1307 3235 1344 3274 1,
1362 3235 1442 3273 αα.
