2144 3808
233 336 236 337 ⁷
288 309 406 370 318
817 323 863 363 S.
916 320 1226 362 Aneusrmi
1268 317 1526 364 Erlscorl

281 407 722 493 praenuntientur
748 404 1098 480 hominibuS,
1142 405 1231 467 vel
1267 406 1338 465 ab
1368 406 1441 467 eis
1495 403 1684 466 audita
1721 423 1925 484 rursus.
1948 409 2019 468 ad

286 501 418 560 alios
443 498 694 572 homines
718 496 1188 556 transmittantur:
1211 519 1279 556 an
1301 497 1548 578 ipsorum
1564 497 1854 566 hominum
1882 495 2029 581 quo-¹

283 590 542 650 rumdam
563 601 770 649 mentes
797 588 856 646 in
887 600 1104 646 tantum
1130 587 1435 648 evehantur
1454 587 1668 669 Spiritu
1698 602 1886 661 sancto
1904 636 1918 659 ‚
1955 592 2019 649 ut

283 702 396 740 non
420 701 521 763 per
549 676 804 755 Angelos,
831 675 923 736 sed
935 699 1034 759 per
1050 697 1102 735 se
1120 675 1265 758 ipsas
1276 675 1592 741 futurorum
1612 691 1810 741 stantes
1830 699 2020 738 causas

281 771 342 830 in
360 771 481 852 ipsa
503 789 717 829 summa
738 788 921 827 rerum
947 788 1067 826 arce
1085 765 1450 846 conspiciant.
1477 767 1729 827 Audiunt
1750 769 1896 842 enim
1916 769 2019 842 ista

283 872 338 918 et
367 867 540 919 aereae
566 869 893 941 potestateS‚
943 856 1054 918 sive
1097 854 1315 932 Angelis
1352 877 1414 914 ea
1442 856 1832 916 nuntiantibus
1855 904 1871 930 ‚
1907 857 2018 922 sive

281 942 604 1024 hominibus
636 970 651 1006 ε
683 961 736 1006 et
770 959 988 1005 tantum
1013 944 1280 1017 audiunt,
1312 958 1585 1026 quantum
1615 967 1897 1027 opusesse
1927 946 2019 1005 ille

273 1038 513 1115 judicat,
539 1037 632 1096 cui
651 1037 904 1112 subjecta
932 1048 1058 1093 sunt
1081 1033 1282 1108 omnia.
1310 1035 1490 1093 Multa
1516 1036 1678 1102 etiam
1702 1035 2018 1117 praedicun-

279 1141 372 1187 tur
397 1126 664 1186 instinctu
684 1123 927 1206 quodam
948 1136 1001 1181 et
1031 1121 1274 1203 impulso
1296 1123 1493 1204 spiritu
1519 1125 1876 1197 nescientium
1901 1147 1915 1183 ε
1941 1124 2018 1184 si-

279 1229 375 1274 cut
404 1214 650 1296 Caiphas
670 1212 902 1277 nescivit
931 1211 1071 1292 quid
1107 1209 1274 1284 dixit,
1307 1211 1402 1271 sed
1427 1233 1556 1271 cum
1592 1226 1728 1292 esset
1768 1213 2018 1280 Pontifex

277 1302 640 1386 prophetavit
655 1301 699 1364 4.
1639 1350 1641 1357 s

357 1394 574 1454 XXIII.
628 1393 774 1469 Ergo
796 1390 866 1449 de
896 1390 1336 1451 successionibus
1366 1390 1698 1452 saeculorum
1727 1406 1782 1451 et
1817 1391 1886 1451 de
1925 1413 2016 1451 re-

274 1483 608 1543 surrectione
643 1495 995 1548 mortuorum
1029 1480 1401 1563 philosophos
1443 1503 1543 1541 nec
1575 1482 1700 1542 illos
1738 1482 2016 1555 consulere

275 1573 571 1645 debemuS,
618 1570 715 1653 qui
761 1570 1034 1630 Creatoris
1066 1571 1458 1645 aeternitatem,
1500 1571 1559 1630 in
1596 1593 1707 1653 quo
1734 1571 1971 1646 vivimus
1993 1618 2009 1645 ,

193 1716 197 1718 ,
271 1683 561 1725 movemur
587 1655 651 1721 et⁸
680 1681 870 1720 sumus
891 1661 939 1734 2,
973 1674 1247 1742 quantum
1274 1674 1579 1743 potuerunt
1607 1661 2004 1724 intellexerunt.

276 1753 423 1826 Quia
446 1775 546 1834 per
569 1774 632 1811 ea
658 1773 786 1834 quae
812 1751 957 1811 facta
985 1765 1114 1810 sunt
1141 1765 1528 1829 cognoscentes
1554 1756 1734 1811 Deum
1754 1799 1769 1824 ,
1796 1757 1907 1812 no'n
1934 1751 2012 1810 si-

273 1856 370 1902 cut
396 1844 577 1902 Deum
618 1841 1095 1920 glorificaverunt,
1126 1854 1222 1900 aut
1251 1840 1451 1918 gratias
1479 1854 1706 1918 egerunt
1726 1887 1740 1914 ‚
1787 1840 1879 1901 sed
1919 1838 2012 1912 di-

273 1948 455 1992 centes
477 1954 531 1992 se
560 1953 671 1992 esse
701 1931 970 2015 sapientes
990 1978 1006 2003 ,
1035 1931 1189 1990 stulti
1209 1930 1344 1990 facti
1361 1946 1489 1990 sunt
1504 1932 1546 1991 3.
1583 1933 1656 1990 Et
1676 1951 1805 1991 cum
1828 1930 2013 2001 idonei

269 2043 384 2081 non
413 2034 616 2093 essent,
651 2020 711 2079 in
736 2020 1097 2079 aeternitatem
1134 2020 1397 2102 spiritalis
1433 2020 2012 2101 incommutabilisque

270 2124 485 2170 naturae
508 2110 683 2174 aciem
709 2109 907 2168 mentis
933 2122 1048 2167 tam
1072 2122 1388 2191 constanter
1411 2109 1634 2187 infigere
1653 2156 1668 2182 ‚
1713 2122 1776 2167 ut
1797 2110 1857 2168 in
1890 2108 2010 2190 ipsa

271 2199 540 2281 sapientia
577 2198 854 2257 Creatoris
883 2211 1047 2279 atque
1080 2198 1331 2258 Rectoris
1362 2197 1730 2260 universitatis
1762 2197 2010 2259 viderent

268 2288 552 2348 volumina
586 2286 955 2360 saeculorum,
984 2307 1113 2368 quae
1136 2287 1264 2347 ibi
1241 2309 1358 2364 Jaln
1387 2300 1560 2347 essent
1589 2300 1643 2346 et
1674 2308 1889 2368 semper
1919 2309 2006 2346 es-

267 2391 417 2450 sent,
444 2376 575 2436 hic·
564 2390 760 2459 autern
780 2377 969 2436 futura
992 2391 1167 2437 essent
1193 2390 1256 2437 ut
1279 2399 1393 2437 non
1417 2392 1617 2452 essent3
1639 2389 1812 2458 atque
1843 2390 1904 2436 ut
1924 2376 2006 2434 ibi

266 2466 519 2527 viderent
545 2452 923 2526 conversiones
948 2468 1008 2526 in
1035 2466 1258 2541 meliUS,
1297 2489 1409 2527 non
1434 2467 1612 2526 solum
1652 2466 1963 2533 animorum
1984 2512 1999 2538 ,

266 2553 361 2614 sed
380 2555 544 2613 etiam
568 2575 868 2636 corporum
889 2555 1267 2614 humanorum
1290 2575 1462 2636 usque
1492 2554 1561 2613 ad
1591 2554 1675 2612 sui
1697 2553 1849 2611 modi
1869 2574 2017 2633 per-

259 2642 552 2704 fectionem
579 2666 594 2703 ε
622 2665 751 2704 cum
783 2666 910 2722 ergo
936 2644 1007 2704 ad
1030 2645 1157 2725 baec
1177 2645 1259 2704 ibi
1282 2644 1519 2706 videnda
1539 2642 1694 2703 nullo
1725 2642 1892 2707 modo
1914 2665 2001 2702 es-

264 2747 382 2793 sent
403 2732 617 2806 idonei,
644 2755 714 2794 ne
746 2733 817 2793 ad
845 2733 988 2793 illud
1009 2733 1231 2815 quidem
1263 2733 1417 2810 digni
1445 2731 1627 2792 habiti
1656 2745 1784 2791 sunt
1799 2779 1815 2805 ‚
1847 2746 1907 2791 ut
1927 2732 2000 2792 eis

262 2821 364 2881 ista
382 2844 482 2904 per
513 2836 730 2882 sanctos
749 2822 982 2901 Angelos
1001 2823 1388 2893 nuntiarentur
1405 2848 1419 2892 ;
1451 2821 1562 2883 sive
1581 2821 1878 2892 forinsecus
1899 2844 2000 2902 per

262 2931 446 2969 sensus
465 2912 735 2992 corporiS,
763 2911 875 2972 sive
892 2910 1692 2983 interioribusrevelationibus
1715 2910 1774 2968 in
1799 2911 1997 2991 spiritu

261 2998 519 3080 expressis
539 3021 553 3056 ε
578 2999 721 3058 sicut
748 3000 1003 3081 patribus
1015 3000 1213 3058 nostris
1228 3021 1356 3061 vera
1374 2999 1578 3080 pietate
1602 2997 1852 3080 praeditis
1870 2999 1994 3058 haec

261 3086 632 3146 demonstrata
657 3101 810 3160 sunt,
843 3088 943 3170 qui
970 3110 1031 3147 ea
1058 3087 1424 3169 praedicantes
1446 3135 1461 3161 ,
1488 3087 1575 3149 vel
1599 3086 1666 3146 de
1699 3089 2010 3167 praesenti-⁵

260 3176 367 3235 bus
394 3175 558 3252 signis
580 3222 596 3250 ,
627 3176 715 3237 vel
742 3176 810 3235 de
838 3177 1100 3258 proximis
1129 3178 1295 3237 rebus
1313 3226 1328 3251 ,
1368 3178 1446 3239 ita
1477 3190 1540 3236 ut
1579 3175 1949 3258 praedixerant
1969 3223 1985 3251 ,
2006 3172 2020 3178 ”

320 3279 335 3311 ¹
356 3282 474 3322 Joan.
492 3291 552 3332 ιι,
570 3278 640 3321 51.-
658 3301 711 3314 -—
729 3278 978 3337 2Act.xvn,
1003 3283 1072 3326 28.
1094 3304 1149 3316 -
1168 3279 1388 3339 3Rom.1,
1419 3297 1489 3340 21,
1510 3296 1582 3327 22.
