2144 3808
246 307 363 376 488
778 318 835 365 s..
875 316 1182 354 Aliensium
1225 317 1484 356 EPISCOPI

244 425 427 463 sensus
452 403 492 460 si
524 401 635 459 sola
653 397 997 476 cogitationis
1019 397 1380 456 delectatione
1399 413 1683 458 contentus
1697 414 1796 473 est,
1819 422 1976 483 supe-

244 493 404 550 rioris
449 511 574 550 vero
606 487 929 547 auctoritate
956 486 1166 544 consilii
1197 487 1274 544 ita
1302 487 1549 545 membra
1571 490 1892 562 retinentur,
1919 503 1982 548 ut
2016 542 2019 545 .

244 602 357 638 non
378 579 740 636 exhibeantur
762 575 1063 655 iniquitatis
1104 597 1252 632 arma
1290 589 1524 655 peccato
1549 575 1607 633 1:
1641 578 1715 636 sic
1762 577 1983 636 haben-

247 668 382 726 dum
413 665 657 724 existimo
694 664 844 724 velut
885 663 1077 720 cibum
1098 663 1329 722 vetitum
1362 663 1558 721 mulier
1586 665 1698 723 sola
1726 665 1985 724 comede-

243 758 318 815 rit
345 756 387 814 2.
431 755 488 812 Si
517 766 697 812 autem
720 753 779 811 in
804 751 1152 810 consensione
1173 751 1313 809 male
1337 751 1528 809 utendi
1556 753 1719 810 rebus
1741 775 1866 834 quae
1888 775 1988 834 per

245 866 461 905 sensum
492 842 735 924 corporis
764 841 1073 900 sentiuntur
1093 887 1106 912 ,
1157 842 1232 899 ita
1262 841 1572 900 decernitur
1601 842 1990 923 quodcumque

248 945 564 1014 peccatum,
591 944 654 988 ut
679 930 721 988 si
745 942 982 1010 potestas
1004 929 1094 1000 sit,
1132 930 1296 987 etiam
1335 950 1564 1010 corpore
1604 931 1946 1010 compleatur
1972 953 1986 987 ε

249 1019 599 1097 intelligenda
629 1032 708 1076 est
737 1018 832 1075 illa
866 1018 1063 1074 mulier
1095 1017 1303 1075 dedisse
1332 1018 1451 1076 viro
1486 1039 1583 1076 suo
1617 1040 1799 1077 secum
1832 1017 1995 1077 simul

254 1109 528 1184 edendum
550 1106 806 1164 illicitum
840 1103 1049 1162 cibum.
1093 1104 1281 1185 Neque
1306 1104 1449 1162 enim
1484 1118 1666 1185 potest
1705 1119 1996 1186 peccatum

254 1219 371 1255 non
399 1195 575 1253 solum
619 1190 976 1269 cogitandum
1016 1192 1273 1263 suaviter,
1322 1193 1681 1271 verumetiam
1708 1193 1997 1251 efficaciter

255 1282 686 1366 perpetrandum
715 1293 894 1338 mente
926 1280 1167 1351 decerni,
1194 1281 1296 1339 nisi
1329 1294 1382 1339 et
1404 1280 1495 1339 illa
1522 1283 1717 1339 mentis
1740 1282 1992 1350 intentiO,

258 1394 423 1454 penes
450 1391 617 1451 quam
643 1390 854 1427 summa
869 1381 1107 1448 potestas
1131 1382 1209 1426 est
1226 1369 1472 1427 membra
1487 1370 1544 1426 in
1564 1391 1704 1450 opus
1718 1369 1995 1438 movendi,

259 1460 347 1520 vel
377 1460 446 1518 ab
473 1480 637 1540 opere
661 1456 987 1528 cohibendi,
1014 1456 1173 1514 malae
1200 1457 1400 1515 actioni
1418 1457 1576 1515 cedat
1598 1471 1653 1515 et
1674 1458 1885 1516 serviat.

343 1547 554 1607 XVIII.
598 1547 712 1604 Nec
737 1567 864 1603 sane
893 1566 1022 1603 cum
1039 1545 1149 1603 sola
1164 1545 1493 1621 cogitatione
1523 1567 1673 1604 mens
1695 1546 2006 1604 oblectatur

263 1635 491 1707 illicitis,
509 1656 621 1691 non
643 1633 867 1713 quidem
883 1632 1178 1691 decernens
1195 1655 1304 1691 esse
1317 1633 1562 1691 facienda
1575 1680 1589 1705 ,
1616 1647 1800 1692 tenens
1822 1647 2006 1692 tamen

268 1738 320 1784 et
341 1724 564 1782 volvens
585 1722 820 1780 libenter
855 1743 982 1802 quae
1001 1723 1183 1780 statim
1215 1736 1276 1780 ut
1303 1723 1596 1798 attigerunt
1626 1723 1867 1780 animum
1890 1743 2007 1780 res-

269 1814 371 1894 pui
407 1812 718 1869 debuerunt
738 1857 754 1881 ‚
788 1809 1100 1886 negandum
1133 1824 1212 1868 est
1239 1832 1349 1868 esse
1371 1823 1686 1891 peccatum,
1722 1810 1813 1868 sed
1849 1810 2009 1885 longe

275 1901 456 1958 minus
481 1921 647 1979 quam
675 1901 718 1955 si
740 1911 971 1977 etopere
999 1897 1652 1978 statuaturimplendum.
1697 1901 1768 1956 Et
1792 1898 1914 1955 ideo
1943 1897 2011 1954 de

272 1987 474 2045 talibus
505 2007 727 2066 quoque
762 1985 1192 2061 cogitationibus
1221 1986 1381 2045 venia
1410 1986 1648 2065 petenda
1672 1999 1772 2054 est,
1799 1999 2014 2066 pectus-

273 2097 382 2157 que
410 2073 858 2155 percutiendum‚
905 2087 1068 2153 atque
1097 2073 1400 2132 dicendum
1429 2095 1443 2130 ε
1475 2074 1744 2131 «Dimitte
1764 2074 1925 2132 nobis
1947 2073 2037 2148 de³
2074 2064 2144 2127 df?

279 2164 457 2221 »tnta
486 2175 668 2219 nostra
694 2184 708 2218 ε
737 2189 763 2214 »
787 2160 1211 2242 faciendumque
1238 2161 1390 2242 quod
1427 2162 1671 2243 sequitur
1691 2209 1705 2234 ‚
1757 2176 1920 2243 atque
1958 2163 2016 2220 in

286 2250 532 2310 oratione
555 2249 903 2326 jungendum
924 2274 940 2317 ;
973 2276 998 2303 «
1028 2250 1186 2307 Sicut
1213 2263 1266 2307 et
1286 2270 1384 2307 nos
1405 2248 1731 2308 dimittimus
1749 2249 2009 2308 debitori-

281 2367 309 2394 »
338 2340 443 2397 bus
473 2337 671 2396 nostris
693 2338 734 2396 3.
770 2363 796 2390 v2>
825 2337 1014 2417 Neque
1033 2337 1179 2395 enim
1199 2339 1342 2395 sicut
1364 2336 1422 2394 in
1446 2336 1554 2395 illis
1582 2336 1801 2395 duobus
1827 2337 2020 2417 primis

282 2428 606 2488 hominibus
632 2447 922 2506 personam
966 2447 1121 2484 suam
1149 2425 1381 2506 quisque
1424 2426 1705 2505 portabat,
1749 2439 1801 2484 et
1826 2426 1947 2484 ideo
1978 2426 2023 2484 si

283 2518 395 2576 sola
420 2516 616 2574 mulier
643 2515 833 2573 cibum
874 2514 1067 2573 edisset
1111 2515 1365 2573 illicitum
1390 2561 1404 2585 ,
1457 2515 1568 2572 sola
1602 2515 1790 2596 utique
1835 2515 2024 2574 mortis

285 2606 564 2688 supplicio
592 2605 956 2686 plecteretur3
1003 2605 1079 2663 ita
1108 2605 1221 2662 dici
1253 2617 1432 2684 potest
1471 2604 1529 2661 in
1564 2604 1789 2662 homine
1813 2625 1944 2675 un0,
1980 2604 2026 2661 si

287 2695 748 2771 delectationibus
771 2693 977 2752 illicitis
1001 2717 1031 2752 a
1056 2693 1258 2774 quibus
1283 2714 1336 2750 se
1360 2693 1623 2750 continuo
1641 2692 1864 2751 deberet
1881 2713 2027 2751 aver-

284 2798 397 2843 tere
430 2781 710 2859 cogitati0‚
745 2781 979 2840 libenter
1007 2783 1120 2840 sola
1148 2794 1415 2862 pascatur
1436 2828 1451 2851 ‚
1490 2802 1590 2839 nec
1636 2781 1886 2840 facienda
1928 2780 2027 2839 de-

285 2885 582 2931 cernantur
614 2871 779 2941 mala,
815 2870 904 2928 sed
937 2883 1151 2929 tantum
1183 2871 1421 2928 suaviter
1454 2870 1511 2927 in
1547 2869 1920 2928 recordatione
1943 2883 2028 2927 te-

284 2974 548 3028 neantur3
582 2960 742 3040 quasi
770 2958 1053 3017 mulierem
1083 2959 1197 3017 sine
1225 2958 1343 3018 viro
1372 2978 1528 3038 posse
1561 2957 1811 3016 damnari
1841 2980 1855 3016 ε
1889 2957 2031 3016 absit

283 3049 394 3107 hoc
437 3047 672 3106 credere.
706 3047 843 3105 Haec
873 3047 1086 3128 quippe
1116 3068 1225 3105 una
1254 3068 1485 3127 persona
1522 3059 1622 3120 est,
1673 3067 1814 3105 unus
1857 3045 2028 3105 homo

285 3149 386 3210 est,
415 3149 668 3216 totusque
703 3135 1094 3208 damnabitur,
1137 3137 1240 3195 nisi
1281 3137 1405 3196 haec
1435 3157 1563 3217 quae
1609 3136 1722 3196 sine
1749 3135 2029 3198 voluntate

357 3242 371 3271 ¹
393 3244 512 3284 Rom.
536 3254 594 3295 vx,
625 3241 694 3284 13.
713 3261 770 3271 —-
789 3238 810 3269 2
831 3241 937 3296 Gen,
958 3255 1021 3292 ιιι,
1045 3244 1088 3285 6.
1117 3263 1174 3272 —
1194 3239 1212 3273 3
1231 3239 1381 3287 Manli.
1407 3255 1466 3294 vx,
1497 3255 1563 3286 12.
