2144 3808
592 297 669 343 »n
702 294 1029 348 murram,
1072 295 1194 337 ιιι.
1237 298 1305 337 ιι.
1713 272 1830 339 235

111 392 141 440 ι’)
161 378 261 440 bat
275 379 358 439 eis
383 376 774 462 pronuntiaress
791 415 808 450 9
830 402 859 431 >2
893 389 972 436 ut
993 375 1311 435 ostenderet
1330 395 1457 458 per
1466 373 1626 438 illum
1654 379 1836 457 ignem

113 455 381 551 Spiritum
410 467 876 538 demonstratum,
915 466 1058 525 sicut
1074 486 1180 547 per
1210 464 1572 525 columbam·
1603 484 1715 525 non
1750 480 1861 526 [aa

111 577 236 618 men
256 560 333 618 ita
347 576 643 639 possumus
665 556 883 627 dicere,
918 556 1188 654 Spiritum
1227 569 1478 614 sanctum
1501 568 1559 613 et
1581 557 1756 615 Deum
1787 569 1842 616 et

112 647 457 726 columbam,
491 658 585 706 aut
613 659 668 704 et
694 648 872 705 Deum
893 658 946 704 ct
963 646 1145 722 ignem
1168 691 1184 711 ,
1213 645 1355 702 sicut
1381 644 1616 705 dicimus
1643 645 1841 702 Filium

112 750 167 796 et
186 729 364 796 Deum
395 749 450 794 et
467 736 746 795 hominem
780 757 799 793 ε
830 755 929 794 nec
958 735 1100 793 sicut
1136 733 1373 791 dicimus
1390 750 1397 785 f
1412 733 1610 791 Filium
1639 747 1841 810 agnum

104 825 247 904 Dei,
272 847 385 886 non
408 825 584 884 solum
608 826 824 884 Joanne
860 823 1110 904 Baptista
1145 822 1360 882 dicente
1385 844 1402 880 z
1435 824 1629 894 «fEcce
1658 829 1844 898 Agnus

117 940 146 969 ι)
170 914 344 983 Dei23
373 940 401 969 >a
426 913 528 973 >sed
567 914 731 972 etiam
759 913 789 969 J
796 934 969 972 oanne
1004 910 1342 988 Evangelista
1377 910 1597 971 vidente
1626 916 1846 988 Agrium

117 1003 357 1063 occisum
375 1002 435 1061 in
456 1002 790 1084 Apocalypsi
804 1001 847 1061 3.
878 1001 981 1060 Illa
1000 1001 1212 1082 quippe
1229 1001 1365 1060 ⁴visio
1384 1000 1720 1082 prophetica·
1735 1013 1848 1057 non

117 1104 195 1150 est
218 1091 460 1150 exhibita
483 1092 655 1151 oculis
680 1091 955 1172 corporeis
978 1112 1077 1171 per
1097 1089 1297 1148 formas
1318 1088 1606 1172 corporeas
1627 1135 1642 1161 ‚
1676 1087 1849 1147 sedin

115 1180 315 1260 spiritu
335 1202 433 1261 per
456 1180 723 1262 spiritales
739 1181 1001 1256 imagines
1021 1200 1338 1260 corporum.
1370 1177 1699 1238 Columbam
1721 1198 1847 1236 vero

115 1266 265 1325 illam
329 1281 383 1326 et
425 1269 612 1345 ignem
654 1267 828 1327 oculis
866 1267 1124 1327 viderunt
1183 1268 1519 1349 quicumque
1565 1266 1840 1326 viderunt.

118 1355 453 1437 Quanquam
480 1357 553 1417 de
589 1358 714 1434 igne
743 1357 1039 1438 disceptari
1076 1369 1258 1438 potest
1276 1403 1293 1429 ,
1327 1370 1512 1415 utrum
1539 1355 1714 1414 oculis
1735 1398 1750 1426 ‚
1782 1366 1851 1413 aii

116 1445 313 1525 spiritu
341 1446 486 1523 visus
517 1448 616 1519 sit,
646 1461 878 1528 propter
896 1447 1065 1506 verba
1094 1447 1172 1505 sic
1191 1445 1384 1528 posita.
1416 1447 1542 1504 Non
1562 1446 1708 1504 enim
1730 1445 1806 1503 ait
1829 1465 1845 1502 ε

117 1532 387 1593 Viderunt
412 1535 626 1612 linguas
668 1535 869 1595 divisas
894 1534 1047 1594 velut
1080 1535 1297 1611 ignem3
1329 1533 1454 1604 sed,
1498 1559 1524 1586 «
1550 1534 1694 1592 Visae
1726 1543 1852 1591 sunt

116 1649 145 1677 >2
163 1623 293 1684 eis4.
329 1652 355 1677 n
386 1625 512 1682 Non
545 1638 728 1683 autem
750 1625 856 1682 sub
880 1623 1068 1682 eadem
1093 1623 1490 1699 significatione
1513 1622 1746 1680 solemus
1771 1620 1854 1678 'di-2

116 1732 236 1771 cere
266 1735 280 1771 ι
318 1714 509 1772 Visum
550 1719 629 1771 est
672 1712 851 1784 mihi,
891 1732 1002 1794 qua
1035 1712 1273 1770 dicimus
1302 1732 1317 1768 ε
1350 1710 1496 1770 Vidi.
1551 1712 1620 1768 Et
1653 1711 1711 1769 in
1744 1709 1853 1768 illis

116 1799 341 1880 quidem
392 1800 734 1882 spiritalibus
777 1801 905 1860 visis
949 1801 1253 1877 imaginum
1305 1798 1678 1880 corporalium
1721 1797 1856 1856 solet

117 1888 263 1960 dici,
295 1902 350 1947 et
383 1890 572 1949 Visum
598 1903 678 1949 oet
708 1890 884 1963 mihi,
915 1903 969 1949 et
999 1888 1127 1948 Vidi
1161 1910 1176 1946 ε
1208 1889 1266 1947 in
1294 1888 1408 1947 istis
1437 1906 1564 1947 vero
1592 1902 1720 1969 quae
1753 1900 1854 1968 per

117 1996 418 2056 expressam
442 1976 783 2059 corporalem
802 1977 1036 2059 speciem
1055 1975 1228 2036 oculis
1244 1976 1689 2035 demonstrantur
1705 2018 1720 2046 ‚
1739 1990 1854 2032 nou

117 2063 252 2124 solet
278 2064 392 2125 dici
417 2089 433 2125 t
465 2067 656 2125 Visum
686 2080 766 2126 est
786 2066 962 2135 mihi;
987 2065 1081 2125 sed
1105 2111 1121 2138 ‚
1151 2064 1296 2125 Vidi.
1338 2067 1420 2124 De
1446 2062 1543 2123 illo
1569 2078 1696 2141 ergo
1729 2059 1854 2140 igne

116 2166 297 2235 potest
318 2177 430 2235 ess-e
454 2157 687 2237 quaestio
703 2201 719 2229 ‚
762 2156 1043 2237 quomodo
1078 2155 1225 2215 visus
1257 2155 1327 2213 sit
1345 2201 1361 2227 ,
1386 2153 1575 2213 utrum
1603 2154 1767 2212 intus-
1792 2156 1852 2210 in

117 2243 314 2324 spiritu
342 2257 608 2327 tanquam
631 2245 763 2304 foris
781 2292 796 2317 ‚
821 2268 891 2304 an
923 2265 1047 2304 vere
1065 2242 1197 2302 foris
1224 2264 1411 2302 coram
1447 2242 1622 2302 oculis
1645 2242 1842 2301 carnis.

117 2332 200 2390 De
227 2331 319 2390 illa
343 2353 470 2391 vero
495 2333 756 2391 columba
780 2354 909 2414 quae
935 2332 1083 2391 dicta
1118 2345 1196 2390 est
1223 2331 1499 2412 corporali
1521 2330 1701 2412 specie
1732 2328 1851 2388 des-

118 2420 388 2490 cendisse,
417 2421 601 2480 nullus
623 2443 867 2503 unquam
898 2421 1208 2493 dubitavit,
1244 2420 1396 2503 quod
1423 2420 1596 2479 oculis
1624 2420 1736 2478 visa
1759 2420 1844 2477 sit.

120 2509 233 2567 Nec
274 2509 418 2569 sicut
451 2510 688 2568 dicimus
736 2511 937 2569 lilium
972 2523 1184 2590 petram
1223 2510 1519 2589 (scriptum
1548 2521 1626 2566 est
1651 2508 1843 2566 enim:

120 2622 148 2650 α
175 2598 335 2655 Petra
356 2612 533 2656 autem
558 2613 672 2658 erat
693 2599 981 2659 Christus⁵
1006 2599 1093 2677 22),
1114 2598 1190 2656 ita
1211 2616 1502 2697 possumus
1522 2596 1703 2654 dicere
1724 2595 1849 2676 Spi-

118 2685 286 2744 ritum
311 2686 626 2746 columbam
653 2688 780 2747 vel
767 2708 966 2765 ignem.
1005 2687 1108 2746 Illa
1142 2688 1286 2745 enim
1317 2699 1474 2766 petra
1501 2689 1618 2761 jam
1651 2697 1767 2743 erat
1796 2677 1856 2742 in

120 2786 402 2845 creatura,
433 2788 486 2834 et
512 2797 611 2857 per
633 2778 862 2836 actionis
899 2777 1126 2836 modum
1158 2787 1481 2856 nuncupata
1521 2786 1601 2832 est
1634 2773 1858 2832 nomine

123 2863 333 2922 Christi
367 2885 527 2944 quem
566 2867 943 2943 significabat3
972 2868 1113 2926 sicut
1141 2866 1284 2947 lapis
1312 2865 1402 2923 ille
1425 2910 1440 2934 ‚
1482 2880 1646 2944 quem
1675 2862 1852 2922 Jacob

118 2953 360 3031 positum
393 2953 463 3011 ad
493 2969 664 3035 caput
691 2957 853 3015 etiam
886 2957 1145 3015 unctione
1174 2954 1245 3013 ad
1278 2951 1703 3030 significandum
1734 2947 1856 3009 Do·-

126 3041 340 3100 minum
356 3044 696 3124 assumpsit63
709 3045 850 3104 sicut
863 3044 1017 3104 Isaac
1032 3045 1283 3105 Christus
1297 3056 1412 3102 erat
1420 3070 1435 3115 5
1449 3060 1576 3101 cum
1591 3039 1660 3099 ad
1684 3060 1737 3099 se
1753 3039 1856 3098 im·
1875 3064 1887 3073 ·

183 3167 198 3198 ²
216 3170 305 3212 Aet.
327 3182 374 3216 ιε,
394 3170 431 3207 3.
454 3187 510 3200 -ν
533 3166 553 3196 2
569 3172 691 3210 Joan.
715 3184 752 3220 1,
771 3168 948 3223 ηιμ-«3
964 3175 1149 3227 Apoc.v,
1174 3172 1217 3213 6.
1234 3191 1292 3203 -
1307 3165 1327 3202 ⁴
1346 3172 1439 3213 Act.
1456 3182 1513 3224 u,
1530 3169 1574 3214 3.
1591 3184 1652 3201 -··
1670 3163 1691 3197 ⁵
1714 3179 1732 3207 ι
1753 3166 1852 3208 Cor.

124 3247 164 3286 x,
181 3241 224 3282 4.
241 3257 296 3267 -
316 3231 337 3265 ⁶
357 3238 463 3279 Gen.
479 3249 622 3290 xxvia,
643 3237 712 3279 18.
