2144 3808
284 301 393 359 186
802 320 845 356 s,
902 314 1209 360 Aceus'rxm
1255 318 1509 360 Erlscom

273 400 644 470 ritussancti3
681 401 811 483 quia
845 422 946 460 nec
971 401 1328 481 periculosius
1363 402 1569 460 alicubi
1610 414 1822 461 erratur
1842 449 1857 475 ‚
1898 419 2001 463 nec

274 488 598 551 laboriosius
621 489 830 570 aliquid
854 493 1146 569 quaeritur,
1181 511 1282 548 nee
1311 489 1654 561 fructuosius
1672 490 1878 572 aliquid
1907 491 2000 550 in—

277 579 513 638 venitur.
548 578 810 657 Quisquis
848 598 975 653 ergo
1005 598 1132 635 eum
1164 577 1297 652 legit
1331 577 1504 648 dicit,
1552 579 1674 637 Hoc
1709 600 1822 637 non
1858 578 2026 638 bene¹

277 665 489 723 dictum
524 679 635 736 est,
678 666 941 746 quoniam
985 687 1096 723 non
1139 665 1382 741 intelligo
1404 689 1419 734 3
1461 665 1791 725 locutionem
1823 688 2000 725 meam

275 753 654 833 reprehendit,
680 776 789 812 non
812 754 976 812 fidem
1008 775 1021 811 ε
1048 753 1254 812 etforte
1274 775 1400 813 vere
1413 755 1600 834 potuit
1621 754 1732 812 dici
1748 754 1996 835 planius;

275 854 653 900 verumtamen·
679 842 861 901 nullus
888 842 1180 900 hominum
1206 842 1282 900 ita
1309 841 1526 900 loeutus
1553 856 1659 915 est,
1696 855 1757 900 ut
1793 843 1848 901 in
1875 863 2014 901 om-·

274 928 442 986 nibus
464 930 534 987 ab
566 931 824 991 omnibus
859 930 1267 1007 intelligeretur.
1296 927 1504 990 'Videat
1532 951 1660 1007 ergo
1686 931 1777 989 eui
1804 931 1914 989 hoc
1941 930 2000 988 in

275 1036 520 1076 sermone
548 1019 667 1076 meo
689 1018 963 1099 displicet,
987 1031 1173 1076 utrum
1192 1017 1324 1076 alios
1345 1017 1405 1076 in
1420 1016 1621 1076 talibus
1641 1018 1804 1076 rebus
1825 1036 2003 1099 quaes-

279 1104 637 1186 t-ionibusque
661 1120 900 1165 versatos
926 1106 1214 1183 intelligat,
1247 1126 1375 1165 cum
1399 1127 1486 1165 me
1511 1127 1622 1166 non
1646 1105 1904 1182 intelligit
1921 1109 2005 1164 :et

281 1192 413 1250 siita
440 1207 548 1266 est,
568 1195 964 1274 ponatlibrum
988 1216 1168 1254 meum
1185 1241 1199 1267 ‚
1234 1195 1319 1254 vel
1336 1196 1496 1254 etiam
1514 1240 1530 1268 ,
1565 1195 1609 1254 si
1625 1195 1736 1254 hoc
1761 1194 2001 1266 videtur,

282 1281 540 1357 abjiciat3
574 1296 626 1341 et
645 1285 719 1342 eis
750 1286 935 1364 potius
970 1307 1110 1366 quos
1137 1283 1421 1360 intelligit,
1459 1304 1682 1364 operam
1708 1297 1762 1342 et
1785 1296 2006 1363 tempus

275 1369 352 1426 im
359 1371 580 1450 pendat.
607 1374 731 1430 Non
746 1386 930 1431 tamen
951 1386 1240 1454 propterea
1255 1385 1416 1454 putet
1433 1393 1521 1431 me
1537 1387 1712 1431 tacere
1731 1372 2000 1444 debuisse,
2047 1371 2057 1378 ’

279 1457 409 1537 quia
433 1473 686 1517 nontam
715 1461 960 1541 expedite
986 1483 1048 1520 ac
1068 1461 1312 1520 dilucide
1339 1482 1506 1542 quam
1530 1459 1611 1519 illi
1635 1481 1773 1541 quos
1799 1459 2006 1519 intelli-

281 1543 387 1619 git,
416 1545 599 1627 eloqui
626 1549 805 1627 potui.
846 1547 1036 1630 Neque
1067 1551 1213 1608 enim
1249 1550 1435 1607 omnia
1464 1567 1591 1628 quae
1634 1549 1708 1606 ab
1752 1548 2008 1608 omnibus

280 1634 713 1703 conscribuntur
734 1683 749 1707 ‚
781 1637 839 1694 in
864 1637 1111 1695 omnium
1138 1657 1331 1696 manus
1364 1636 1592 1696 veniunt
1625 1657 1640 1694 t
1673 1650 1727 1695 et
1749 1637 1866 1694 fieri
1897 1657 2008 1717 po·-

282 1731 414 1791 test,
449 1735 513 1780 ut
544 1724 793 1782 nonnulli
816 1725 911 1806 qui
936 1725 1098 1783 etiam
1124 1725 1248 1784 haee
1276 1737 1461 1782 nostra
1483 1724 1778 1801 intelligere
1798 1723 2002 1795 valent,

279 1806 399 1865 illos
421 1809 696 1889 planiores
720 1814 1133 1873 noninveniant
1160 1812 1332 1872 libros
1352 1858 1368 1884 ‚
1402 1825 1457 1871 et
1482 1813 1542 1871 in
1562 1813 1692 1872 istos
1711 1811 1898 1871 saltem
1915 1812 2008 1871 in·-

280 1888 486 1957 cidant.
531 1898 772 1981 Ideoque
799 1902 931 1960 utile
954 1915 1033 1960 est
1051 1947 1066 1975 ,
1098 1902 1284 1983 plures
1307 1924 1337 1960 a
1364 1901 1624 1983 pluribus
1653 1901 1770 1960 fieri
1794 1901 2009 1961 diverso

281 1985 460 2065 style,
492 2009 604 2046 non
637 1989 850 2065 diversa
881 1991 1021 2063 fide,
1056 1991 1220 2049 etiam
1241 1990 1310 2050 de
1337 1991 1735 2072 quaestionibus
1763 1988 1962 2048 eisdem
1987 2034 2006 2061 ,

280 2086 348 2131 ut
371 2074 442 2132 ad
468 2076 739 2156 plurimos
769 2100 852 2137 res
870 2079 988 2159 ipsa
1017 2079 1331 2160 perveniat3
1364 2078 1434 2137 ad
1462 2077 1595 2137 alios
1622 2078 1743 2150 sie,
1777 2077 1847 2136 ad
1877 2077 2010 2136 alios

283 2174 465 2220 autem
497 2164 591 2224 sic.
634 2167 703 2224 At
741 2167 785 2225 si
815 2167 906 2225 ille
934 2168 1031 2247 qui
1059 2189 1114 2226 se
1151 2161 1250 2225 ista
1279 2188 1393 2226 non
1417 2123 1743 2226 intellexisse
1763 2186 2010 2246 conque·-

281 2250 457 2323 ritur,
489 2253 638 2312 nulla
667 2275 912 2335 unquam
936 2255 1008 2314 de
1025 2255 1230 2315 talibus
1263 2254 1430 2315 rebus
1454 2252 1739 2332 diligenter
1763 2267 1818 2312 et
1853 2267 2012 2315 acute

285 2337 564 2419 disputata
584 2341 883 2419 intelligere
893 2345 1109 2425 potuit3
1135 2364 1318 2403 secum
1349 2357 1472 2424 agat
1495 2344 1635 2404 votis
1660 2356 1715 2402 et
1736 2342 1931 2401 studiis
1949 2355 2013 2400 ut

282 2432 565 2510 proficiat,
592 2454 704 2492 non
719 2455 935 2493 meeum
961 2435 1195 2516 querelis
1215 2448 1270 2493 et
1291 2435 1553 2494 conviciis
1575 2447 1638 2493 ut
1658 2446 1885 2494 taceam.
1900 2432 2013 2504 Qui

284 2541 416 2579 vero
439 2521 562 2581 haee
589 2523 769 2600 legens
795 2524 939 2583 dicit
968 2547 981 2582 ε
1016 2525 1268 2602 Intelligo
1288 2525 1511 2606 quidem
1527 2523 1663 2604 quid
1683 2522 1894 2582 dictum
1918 2522 2007 2592 sit,

288 2608 381 2666 sed
419 2632 532 2668 non.
561 2633 684 2670 vere
725 2612 937 2671 dictum
968 2626 1084 2694 est:
1114 2626 1310 2672 asserat
1330 2660 1344 2683 ,
1377 2614 1420 2670 si
1446 2611 1662 2692 placet,
1696 2609 2014 2668 sententiam

263 2718 465 2769 suam,
488 2713 540 2758 et
551 2700 841 2777 redarguat
858 2721 1056 2774 meam,
1077 2702 1120 2759 si
1139 2715 1336 2782 potest.
1350 2700 1516 2772 Quod
1533 2700 1577 2774 si
1598 2720 1724 2758 cum
1745 2699 2014 2758 charitate

286 2799 340 2843 et
358 2788 822 2862 veritate-fecerit,
851 2790 1100 2870 mihique
1128 2790 1292 2848 etiam
1327 2788 1395 2868 (si
1420 2788 1478 2846 in
1506 2787 1615 2846 hae
1629 2787 1742 2846 vita
1765 2785 2006 2867 maneo),

285 2877 723 2950 cognoscendum
745 2876 923 2936 faeere
947 2877 1253 2949 curaverit3
1295 2876 1634 2935 uberrimum
1655 2873 1903 2934 fructum
1923 2874 2011 2932 la·-

285 2961 437 3020 boris
460 2964 628 3039 hujfls
655 2965 761 3023 mei
794 2986 1009 3046 cepero.
1052 2965 1217 3038 Quod
1243 2965 1286 3023 si
1307 2964 1446 3022 mihi
1467 2984 1578 3022 non
1606 2964 1870 3044 potuerit,
1892 2962 2012 3045 qui-

286 3050 393 3109 bus
418 3051 752 3133 idpotuerit
772 3100 787 3124 ‚
818 3076 905 3112 me
930 3055 1148 3115 volente
1178 3076 1241 3113 ac
1275 3054 1481 3112 libente
1512 3052 1828 3135 praestiterit
1862 3073 1876 3109 ε
1911 3073 2010 3128 ego

287 3154 470 3213 tame-n
488 3141 546 3201 in
567 3141 682 3220 lege
706 3141 929 3204 Domini
951 3144 1208 3219 meditor,
1241 3144 1285 3205 si
1315 3159 1426 3203 non
1449 3143 1539 3204 die
1569 3158 1633 3202 ac
1654 3154 1817 3203 nocte
1833 3140 1880 3215 1,
1909 3137 2010 3201 sal-

348 3246 362 3278 1
384 3247 484 3289 Psal.
500 3261 530 3299 1,
553 3261 590 3290 2.
