2144 3808
288 350 405 409 330
822 374 864 409 s,
921 363 1230 425 A‘cotts'rim
1274 372 1529 424 Episcopi

279 464 373 509 tur
393 498 408 522 ,
433 465 559 532 post
578 453 1010 511 incarnationem
1032 453 1229 534 Verbi,
1255 453 1534 537 quomodo
1560 454 1703 514 facta
1725 456 1793 538 sit
1810 455 1893 530 vel
1913 479 2012 534 vox

278 541 491 608 Patris,
524 541 610 601 vel
636 543 838 624 species
876 543 1174 628 corporalis
1221 544 1330 624 qua
1372 536 1607 650 Spiritus
1645 559 1864 622 sanctus
1909 547 2016 620 ‹le-⁴

276 624 607 689 monstratus
633 644 710 689 est
740 654 753 689 ε
787 653 887 717 per
909 644 1217 704 creaturam
1237 631 1462 714 quidem
1490 631 1634 712 facta
1659 636 1759 714 ista
1780 657 1890 715 non
1910 636 2012 695 du-

273 718 429 787 bit03
454 719 547 777 sed
576 733 764 779 utrum
798 720 1185 779 tantummodo
1215 720 1560 811 corporalem
1585 720 1746 811 atque
1772 725 2011 799 sensibi-

273 805 407 877 lem,
438 830 506 873 an
530 808 792 881 ‘adhibito
814 811 1011 893 spiritu
1040 811 1204 869 etiam
1238 809 1493 888 rationali
1529 810 1615 871 vel
1653 806 2013 889 intellectuali

279 895 419 976 (hoc
439 897 584 958 enim
606 899 942 981 quibusdam
966 901 1178 980 placuit
1201 900 1482 981 appellare
1502 947 1517 974 ,
1539 901 1691 988 quod
1716 903 1901 962 Graeci
1926 903 2012 967 di·

276 1000 412 1050 ,cunt
439 987 672 1068 νοερὸν),
721 1010 834 1046 11011
876 988 1101 1069 quidem
1130 989 1201 1047 ad
1244 989 1510 1068 unitatem
1556 990 1804 1072 personae
1851 993 2012 1076 (quis

200 1092 205 1107 “
273 1075 421 1134 enim
441 1076 552 1134 hoc
577 1077 802 1149 dixerit,
826 1063 888 1137 tit
903 1077 1179 1161 quidquid
1201 1076 1342 1137 illud
1358 1092 1436 1136 est
1456 1092 1720 1156 creaturae
1743 1104 1840 1163 per
1861 1081 2013 1171 quod

273 1164 456 1234 sonuit
482 1185 586 1223 vox
608 1159 813 1240 Patris,
840 1166 916 1224 ita
944 1167 1011 1225 sit
1041 1162 1190 1225 Deus
1214 1169 1412 1242 Pater3
1446 1182 1543 1227 aut
1569 1169 1845 1252 quidquid
1869 1171 2011 1250 illud

273 1265 353 1311 est
377 1267 645 1313 creaturae
672 1255 730 1314 in
751 1277 863 1338 quo
893 1278 992 1338 per
1023 1257 1302 1333 columbae
1327 1257 1564 1339 speciem
1593 1258 1678 1335 vel
1706 1282 1808 1342 per
1831 1261 2013 1338 igneas

270 1337 485 1421 linguas
518 1342 756 1426 Spiritus
785 1359 1004 1404 sanctus
1032 1331 1435 1425 demonstratus
1469 1361 1581 1423 est,
1622 1336 1797 1429 ita'sit
1827 1348 2011 1433 Spiri„

272 1444 359 1494 tus
385 1447 603 1493 sanctus
625 1481 639 1504 ,
669 1435 811 1493 sicut
840 1448 919 1492 est
945 1435 1045 1493 Dei
1070 1434 1238 1516 Filius
1261 1435 1432 1518 homo
1460 1431 1553 1494 ille
1578 1436 1674 1535 qui
1708 1458 1770 1512 ex
1796 1435 2006 1519 virgine

268 1521 448 1600 factus
469 1524 619 1605 est),
646 1524 738 1583 sed
762 1524 1150 1584 tantummodo
1191 1525 1262 1584 ad
1298 1525 1663 1605 ministerium
1685 1525 2012 1611 peragendae

271 1606 685 1691 significationis
699 1662 714 1688 ,
736 1615 878 1673 sicut
894 1613 1198 1696 oportuisse
1216 1615 1362 1673 Deus
1378 1613 1654 1694 judicavit
1676 1637 1689 1672 :
1712 1638 1782 1697 an
1803 1614 2011 1702 aliquid

274 1701 426 1760 aliud
447 1702 864 1780 intelligendum
887 1704 956 1762 sit
978 1752 992 1778 ‚
1027 1700 1272 1785 invenire
1309 1702 1532 1780 difficile
1568 1717 1675 1783 est,
1720 1717 1774 1762 et
1813 1716 2012 1782 temere

272 1791 541 1853 affirmare
562 1816 675 1859 non
700 1793 934 1882 expedit.
967 1794 1264 1875 Quomodo
1285 1807 1468 1870 tamen
1498 1793 1599 1872 ista
1622 1794 1736 1859 sine
1758 1793 2014 1868 rationali

274 1879 362 1962 vel
387 1881 743 1941 intellectuali
764 1881 1017 1942 creatura
1044 1884 1332 1964 potuerint
1356 1883 1474 1962 fieri
1494 1930 1510 1955 ‚
1546 1905 1659 1955 non
1687 1883 1865 1959 videm
1898 1884 2013 1943 Ne-

276 1991 383 2052 que
409 1971 595 2049 adhuc
629 1972 784 2032 locus
809 1986 888 2030 est
910 1972 1180 2054 explicare
1206 1994 1307 2035 cur
1333 1973 1410 2049 ita
1439 1973 1666 2049 sentiam
1690 2020 1705 2045 ,
1739 1987 2012 2054 quantum

273 2059 414 2120 vires
457 2063 730 2137 Dominus
775 2062 1006 2138 dederit.
1043 2062 1204 2143 Prius
1228 2062 1373 2140 enim
1412 2076 1539 2140 sunt
1574 2062 1920 2137 discutienda
1959 2076 2012 2121 et

269 2149 565 2211 refellenda
599 2143 991 2228 haereticorum
1029 2165 1377 2230 argumenta,
1412 2173 1539 2232 quae
1575 2174 1687 2236 non
1722 2174 1783 2227 ex
1812 2151 2012 2224 divinis

272 2239 460 2319 Libris
477 2287 492 2314 ,
518 2240 611 2300 sed
627 2263 688 2301 ex
709 2236 1020 2317 rationibus
1049 2242 1158 2301 suis
1182 2240 1507 2323 proferunt,
1534 2239 1738 2322 quibus
1765 2263 1818 2310 se
1838 2241 2007 2314 velie-

270 2343 482 2401 menter
502 2353 693 2410 cogere
716 2333 1056 2392 arbitrantur
1077 2379 1093 2407 ‚
1121 2331 1431 2397 testimonia
1454 2331 1866 2422 Scripturarum
1885 2353 2011 2415 quae

268 2418 338 2498 de
362 2421 525 2480 Patre
548 2436 600 2480 et
629 2421 767 2503 Filio
797 2437 850 2482 et
881 2423 1095 2505 Spiritu
1134 2435 1322 2502 sancto
1359 2434 1486 2480 sunt
1505 2468 1523 2495 ,
1555 2420 1632 2496 ita
1670 2443 1778 2488 esse
1802 2420 2011 2480 intelli-

268 2508 446 2589 genda
474 2525 537 2589 ut
554 2511 662 2593 ipsi
691 2511 905 2573 volunt.

276 2603 278 2605 ’
350 2601 588 2680 ΧΧΧΠ.
645 2605 806 2660 Nunc
839 2614 1020 2671 autem
1049 2622 1163 2659 non
1192 2599 1317 2675 ideo
1342 2600 1609 2677 minorem
1645 2597 1848 2674 Filium
1875 2597 2008 2681 quia

264 2687 457 2747 missus
478 2703 558 2763 est
586 2713 616 2748 a
642 2690 806 2762 Patre
826 2738 841 2762 ‚
873 2712 974 2767 nec
995 2689 1120 2767 ideo
1140 2690 1408 2766 minorem
1441 2687 1714 2770 Spiritum
1754 2686 2007 2765 sanctum

264 2777 395 2857 quia
421 2791 475 2837 et
497 2781 660 2838 Pater
693 2801 820 2838 eum
861 2779 1008 2854 misit
1044 2791 1096 2836 et
1124 2777 1326 2857 Filius,
1370 2775 1699 2843 sufficienter
1735 2789 2008 2857 quantum

264 2865 508 2926 arbitror
539 2868 972 2927 demonstratum
1003 2881 1097 2938 est.
1139 2867 1266 2944 Sive
1294 2866 1439 2928 enim
1472 2878 1704 2948 propter
1734 2864 2006 2942 visibilem

266 2969 571 3015 creaturam
590 3004 604 3029 ‚
641 2957 751 3016 sive
782 2957 967 3038 potius
1007 2969 1238 3043 propter
1266 2955 1531 3036 principii
1566 2947 2005 3027 commendatio-

262 3064 388 3101 nem
410 3091 424 3115 ‚
460 3066 574 3103 non
618 3059 848 3129 propter
887 3043 1317 3127 inaequalitatem
1348 3043 1435 3114 vel
1472 3041 1883 3124 imparilitatem
1918 3041 2004 3101 vel

266 3128 765 3212 dissimilitudinem
793 3127 1114 3212 substantiae
1138 3133 1195 3211 in
1226 3131 1530 3216 Scripturis
1551 3130 1676 3206 haec
1706 3130 1885 3212 posita
1906 3130 1999 3206 in-

264 3219 584 3298 telliguntur
616 3243 630 3277 ε
665 3221 980 3302 quinetiam
1009 3221 1052 3279 si
1084 3221 1517 3304 voluisset'Deus
1545 3221 1709 3278 Pater
1732 3240 1831 3299 per
1862 3218 2000 3277 sub-

258 3315 460 3388 jectam
482 3323 786 3368 creaturam
822 3310 1110 3368 visibiliter
1150 3310 1413 3391 apparere
1435 3356 1450 3382 ,
1498 3307 1881 3384 absurdissime
1912 3321 1999 3366 ta-
