2144 3808
582 341 653 384 DE
696 340 1018 417 TRINITArE,
1066 343 1175 383 Lm.
1228 347 1304 385 1v.
1699 331 1815 410 317

95 424 346 503 colligere
365 438 500 507 quot
512 426 620 483 sint
642 424 957 485 animalium
985 447 1179 502 genera
1199 472 1213 494 ‚
1246 445 1374 505 quae
1394 427 1596 486 semina
1621 429 1815 506 singu-

95 515 276 574 lorum
300 517 358 574 in
378 513 608 574 exordiis
627 562 642 588 ,
667 515 761 596 qui
791 515 985 575 modus
1007 516 1065 574 in
1086 515 1433 574 incrementis
1451 562 1466 587 ,
1494 517 1589 596 qui
1611 520 1825 578 numeri

95 625 196 685 per
219 616 520 685 conceptus
538 651 554 676 ,
587 625 689 686 per
719 617 899 677 ortus,
927 625 1026 685 per
1065 617 1250 662 aetates
1268 650 1283 675 ‚
1327 625 1427 684 per
1446 625 1668 663 occasus
1687 653 1700 678 ‚
1727 608 1826 686 qui

94 705 276 752 motus
290 692 349 751 in
368 692 690 774 appetendis
706 713 832 774 quae
855 692 1158 751 secundum
1176 705 1428 750 naturam
1450 706 1595 765 sunt,
1616 692 1825 770 fugien-

96 780 290 863 disque
314 782 642 841 contrariis?
685 783 886 841 Nonne
908 783 1010 840 ista
1048 783 1259 853 omnia,
1291 802 1403 840 non
1425 803 1525 862 per
1555 782 1705 841 illam
1734 783 1826 842 in-

98 870 603 929 commmutabilem
626 870 947 950 sapientiam
965 917 982 943 ,
1009 870 1101 929 sed
1130 892 1229 950 per
1258 869 1507 929 locorum
1526 892 1589 929 ac
1613 883 1828 952 tempo-

95 981 220 1018 rum
243 959 528 1018 historiam
549 961 882 1041 quaesierunt
901 1006 917 1032 ,
946 972 999 1018 et
1024 961 1095 1018 ab
1123 959 1239 1018 aliis
1259 973 1476 1040 experta
1507 973 1669 1041 atque
1697 983 1828 1019 con-

97 1047 305 1128 scripta
351 1047 742 1107 crediderunt?
777 1050 905 1120 Quo
951 1048 1133 1106 minus
1173 1047 1487 1107 mirandum
1519 1063 1632 1148 est,
1678 1049 1831 1109 nullo

98 1134 264 1194 modo
298 1158 386 1195 eos
423 1137 661 1217 potuisse
683 1135 1040 1217 prolixiorum
1077 1135 1404 1195 saeculorum
1436 1137 1626 1196 seriem
1667 1139 1831 1198 vesti-

99 1245 257 1300 gare,
291 1238 345 1283 et
373 1225 676 1306 quamdam
710 1239 911 1284 metam
933 1225 1103 1301 hujus
1127 1245 1410 1298 excurSUS,
1442 1247 1553 1306 quo
1574 1239 1835 1306 tanquam

100 1312 270 1373 fluvio
287 1335 452 1390 genus
478 1314 721 1373 decurrit
743 1314 1049 1372 humanum
1059 1327 1256 1394 ‚atque
1275 1272 1410 1372 inde⁹
1426 1314 1833 1374 conversionem

103 1400 173 1459 ad
197 1422 356 1461 suum
390 1403 591 1485 cuique
623 1402 875 1462 debitum
891 1402 1207 1462 terminum.
1237 1402 1348 1460 Ista
1366 1402 1512 1460 enim
1540 1424 1642 1462 nec
1663 1403 1836 1462 histo-

101 1489 202 1548 rici
225 1491 462 1550 scribere
481 1504 783 1572 potuerunt
802 1490 964 1567 longe
990 1491 1180 1549 futura
1196 1504 1250 1549 et
1279 1512 1310 1547 a
1331 1491 1484 1549 nullo
1505 1506 1722 1572 experta
1745 1505 1834 1550 at·-

101 1599 209 1659 que
236 1593 471 1639 narrata.
506 1580 620 1638 Nec
658 1579 747 1638 isti
779 1579 1109 1660 philosophi
1138 1579 1347 1638 caeteris
1375 1579 1622 1638 meliores
1644 1581 1702 1637 in
1730 1580 1836 1638 illis

103 1669 327 1727 summis
351 1668 676 1748 aeternisque
697 1667 1006 1726 rationibus
1026 1666 1310 1726 intellectu
1334 1668 1463 1726 talia
1480 1668 1837 1749 contemplati

103 1768 265 1813 sunt:
292 1756 536 1837 alioquin
554 1777 667 1813 non
689 1755 933 1831 ejusdem
959 1756 1166 1831 generis
1193 1756 1474 1836 praeterita
1497 1778 1624 1837 quae
1645 1770 1837 1837 potue-

103 1857 236 1902 runt
261 1844 512 1903 historici
538 1844 900 1925 inquirerent,
921 1843 1014 1903 sed
1035 1845 1221 1925 potius
1244 1858 1298 1902 et
1316 1843 1505 1902 futura
1529 1867 1837 1925 praenosce·

104 1934 268 1990 rent:
291 1932 444 2013 quod
476 1933 575 2012 qui
611 1944 948 2012 potuerunt,
980 1931 1051 1991 ab
1085 1932 1160 1990 eis
1181 1944 1362 2005 vateS,
1411 1956 1439 1993 a
1468 1933 1666 1991 nostris
1696 1934 1841 1992 Pro-

105 2020 293 2101 phetae
322 2020 584 2102 appellati
605 2034 753 2080 sunt.

186 2109 370 2168 XXII.
405 2109 739 2189 Quanquam
763 2121 815 2167 et
833 2108 1243 2188 Prophetarum
1266 2130 1467 2168 nomen
1483 2130 1594 2168 non
1618 2110 1842 2168 omnino

109 2196 342 2256 alienum
388 2210 468 2256 est
501 2220 530 2256 a
564 2197 757 2256 litteris
806 2217 997 2255 eorum
1047 2218 1061 2252 ε
1112 2197 1204 2254 secl
1232 2197 1539 2277 plurimum
1586 2199 1835 2272 interest,

109 2298 295 2344 utrum
316 2286 686 2366 experimento
712 2284 1125 2365 praeteritorum
1148 2285 1338 2343 futura
1369 2287 1757 2361 conjiciantur3
1777 2289 1846 2346 si-

110 2387 207 2432 cut
222 2374 423 2432 medici
438 2374 615 2436 multa
632 2372 1014 2454 praevidendO,
1033 2373 1195 2432 etiam
1213 2374 1406 2432 litteris
1423 2375 1844 2449 mandaverunt,

111 2483 240 2542 quae
265 2461 372 2542 ipsi
402 2475 621 2543 experta
651 2474 1019 2531 notaverunt3
1058 2462 1199 2519 sicut
1223 2462 1458 2542 denique
1479 2465 1730 2538 agricolae
1759 2466 1849 2525 vel

113 2551 275 2610 etiam
302 2562 489 2608 nautae
511 2550 684 2608 multa
721 2550 1130 2630 praenuntiant3
1159 2550 1311 2630 (talia
1342 2551 1487 2607 enim
1517 2551 1561 2610 si
1584 2574 1644 2609 ex
1671 2553 1846 2630 longis

113 2637 411 2699 intervallis
444 2651 759 2718 temporum
794 2639 931 2695 fiant
952 2683 966 2708 ‚
1007 2637 1676 2717 divinationes‘puta'ntur
1701 2663 1715 2697 :
1737 2643 1757 2719 ζ)
1780 2663 1850 2699 an

115 2749 242 2789 vero
274 2732 392 2804 jam
422 2741 651 2787 ventura
687 2727 1084 2808 processerint,
1134 2740 1189 2785 et
1233 2726 1393 2802 longe
1438 2727 1551 2786 visa
1578 2729 1850 2788 venientia

117 2816 440 2875 nuntientur
460 2838 563 2896 pro
591 2830 753 2875 acuto
775 2837 932 2875 sensu
951 2815 1288 2887 videntium,
1315 2815 1467 2896 quod
1489 2837 1615 2874 cum
1639 2816 1851 2877 faciunt

120 2912 297 2963 aereae
310 2916 601 2984 potestates
615 2904 864 2965 divinare
887 2903 1015 2962 cred
1024 2916 1204 2962 untur·
1195 2918 1484 2983 ‚tanquam
1498 2905 1541 2962 si
1559 2905 1849 2986 quisquam

121 2991 190 3050 de
228 2991 430 3049 montis
466 2991 667 3050 vertice
716 2992 951 3072 aliquem
992 2990 1150 3067 longe
1201 2990 1385 3049 videat
1427 2992 1763 3065 venientem,
1799 3009 1853 3053 et

121 3080 367 3161 proxime
394 3080 452 3137 in
481 3100 679 3160 campo
702 3080 1088 3138 habitantibus
1107 3094 1229 3138 ante
1258 3080 1522 3138 nuntiet·
1561 3103 1630 3139 an
1653 3083 1724 3140 ab
1742 3085 1853 3142 An-

125 3167 254 3243 gelis
277 3166 478 3225 sanctis
495 3188 556 3224 ea
586 3169 731 3225 Deus
747 3188 847 3247 per
869 3167 1110 3226 Verbum
1135 3169 1569 3248 sapientiamque
1592 3190 1745 3227 suam
1773 3172 1855 3228 in-

127 3253 305 3326 dicat,
347 3254 446 3314 ubi
473 3268 524 3314 et
559 3254 745 3315 futura
772 3268 826 3314 et
868 3256 1148 3335 praeterita
1182 3269 1360 3330 stant,
1408 3256 1493 3318 vel
1524 3257 1859 3336 quibusdam
