2144 3808
366 317 587 359 CONTRA
629 315 959 357 MAxthUM
1004 313 1286 367 AmAnuM,
1336 317 1445 357 mn.
1500 319 1539 358 1.
1753 304 1829 380 69

28 452 31 461 <
107 421 236 460 cum
265 400 595 470 dicerentur,
616 412 669 456 et
688 410 876 478 postea
901 397 1027 455 haec
1049 409 1247 454 cuncta
1264 395 1590 472 legentibus,
1611 400 1830 460 eviden-

104 502 186 547 ter
217 500 507 570 appareret
530 500 581 545 te
611 486 706 544 illa
735 485 943 544 dixisse.
974 485 1112 556 Quis
1132 485 1274 542 enim
1300 485 1562 557 crederet,
1597 509 1830 548 consen-

102 577 201 636 tire
225 598 377 657 posse
407 597 502 635 vos
523 575 703 643 nobiS,
727 573 1028 631 secundum
1048 572 1281 631 formam
1308 574 1467 641 servi,
1498 596 1562 632 ac
1582 597 1681 654 per
1712 577 1822 636 hoc

100 686 212 724 non
243 664 542 723 secundum
564 663 796 721 formam
832 663 932 720 Dei
954 662 1236 720 Christum
1261 684 1369 720 esse
1386 663 1694 738 subject-um
1719 668 1742 722 Ξ)

181 754 279 812 ΙΧ.
319 754 478 810 Nono
498 751 619 809 loco
643 751 738 809 abs
767 764 819 808 te
849 750 1229 830 quaesivimUS,
1277 763 1337 808 ut
1370 772 1470 830 per
1507 744 1824 832 Scripturas

99 840 309 900 divinas
339 839 666 911 ostendereS,
699 839 742 896 si
767 838 991 909 valereS,
1017 851 1202 895 utrum
1229 837 1419 896 adoret
1442 840 1662 902 Patrem
1689 842 1823 921 Spi—

97 930 231 989 ritus
263 942 496 987 sancmS.
538 929 655 985 Hoc
688 927 832 984 enim
860 926 1066 984 dixeras
1095 948 1110 983 ι
1138 926 1230 984 sed
1256 926 1532 1007 sicutipsa
1560 941 1652 986 tua
1686 951 1816 1009 pro-

98 1017 326 1088 secutio,
355 1018 446 1075 cui
465 1014 748 1095 respondi,
783 1014 883 1073 sati
909 1013 1166 1084 sindicat,
1193 1035 1303 1071 non
1331 1017 1680 1094 probaveras,
1733 1016 1820 1075 Ad

37 1107 39 1111 ’
94 1105 242 1163 hanc
264 1126 390 1180 ergo
410 1103 815 1185 inquisitionem
842 1124 1019 1161 meam
1048 1102 1173 1161 vide
1202 1102 1337 1182 quid
1361 1104 1656 1183 posteriore
1680 1126 1816 1184 pro-

91 1195 366 1255 secutione
376 1192 892 1272 responderis‚Cum
909 1191 1053 1251 enim
1070 1190 1284 1249 dixisses
1298 1204 1571 1271 quantum
1591 1192 1815 1251 voluisti

44 1349 45 1354 Ἰ
94 1280 162 1339 de
175 1280 388 1357 judicio
417 1279 563 1350 Filii,
595 1278 747 1360 quod
771 1292 824 1336 et
855 1300 954 1337 nos
995 1278 1302 1336 fidelissime
1334 1279 1637 1348 credimus;
1662 1294 1716 1338 et
1749 1281 1817 1339 de

94 1369 453 1444 subjectione,
487 1389 656 1448 quam
684 1367 982 1426 secundum
1006 1367 1239 1425 formam
1269 1367 1410 1424 servi
1437 1367 1635 1426 Filium
1666 1370 1818 1446 Patri

92 1456 318 1515 reddere
345 1478 456 1514 non
474 1477 733 1532 negamus
763 1479 776 1513 :
814 1456 913 1513 ubi
936 1455 1130 1513 venisti
1178 1468 1238 1512 ut
1260 1455 1521 1535 probares
1562 1479 1591 1513 a
1627 1471 1816 1516 sancto

27 1539 29 1541 ’
95 1544 306 1624 Spiritu
341 1544 557 1603 adorari
585 1545 826 1615 Patrem,
860 1543 1045 1601 redisti
1072 1543 1139 1601 ad
1160 1543 1281 1601 illos
1310 1544 1539 1619 gemitus
1560 1591 1572 1613 ,
1600 1544 1668 1602 de
1696 1546 1814 1626 qui-

47 1670 49 1674 ⁴
90 1633 197 1691 bus
223 1632 326 1690 tibi
341 1635 456 1707 jam
479 1644 600 1689 ante
615 1631 1025 1711 responderam,
1060 1631 1360 1688 secundum
1379 1653 1580 1688 morem
1609 1647 1836 1692 SRHCtaw

90 1741 215 1779 rum
264 1720 709 1800 Scripturarum,
738 1740 849 1799 qua
875 1719 1151 1776 locutione
1179 1720 1247 1776 sit
1275 1719 1485 1776 dictum
1508 1741 1522 1776 t
1556 1747 1582 1771 «
1605 1722 1676 1777 Et
1700 1721 1818 1801 ipse

46 1837 50 1841 ·
93 1835 119 1863 22
153 1809 391 1889 Spiritus
424 1809 736 1890 interpellat
784 1809 1077 1884 gemitibus
1117 1808 1579 1866 inenarrabilibus
1605 1809 1661 1866 4:
1692 1837 1718 1863 >2
1746 1832 1814 1867 ne

90 1897 376 1956 credamus
405 1897 676 1977 Spiritum
704 1909 955 1954 sanctum
984 1917 1270 1976 nunquam
1311 1918 1427 1954 esse
1456 1896 1569 1954 sine
1594 1898 1815 1972 gemiti-

27 2029 29 2036 .
88 1985 194 2044 bus
215 2006 392 2067 posse,
427 1986 689 2065 quoniam
711 1984 894 2043 nullus
923 1984 1058 2054 dies,
1091 1983 1240 2042 nulla
1261 1984 1422 2052 hora,
1444 1983 1661 2042 nullum
1688 2007 1814 2044 mo·-

88 2087 334 2132 mentum
358 2074 618 2154 temporis
659 2074 957 2145 invenitur,
991 2094 1102 2153 quo
1130 2095 1241 2130 non
1268 2095 1297 2130 a
1322 2073 1520 2130 sanctis
1546 2073 1814 2132 orationes

89 2162 206 2219 Deo
230 2162 567 2242 ubicumque
593 2160 922 2234 fundantur,
956 2161 1027 2218 ab
1058 2160 1173 2218 aliis
1208 2159 1332 2230 hie,
1377 2160 1448 2216 ab
1483 2159 1601 2217 aliis
1650 2160 1802 2221 alibi.

89 2249 234 2308 Cum
256 2263 436 2308 tamen
469 2249 540 2306 ab
562 2249 902 2311 orationibus
919 2261 1230 2306 sanctorum
1257 2246 1474 2305 nullum
1502 2248 1572 2320 sit
1597 2261 1814 2328 ‘tempus

44 2374 45 2378 =
86 2337 363 2408 immune,
419 2335 868 2416 quandoquidem
897 2336 1092 2393 diebus
1125 2347 1177 2392 et
1207 2335 1464 2392 noctibus
1488 2381 1503 2405 ,
1559 2356 1685 2393 cum
1722 2337 1814 2395 alii

87 2424 215 2484 cibo
245 2446 308 2483 ac
338 2436 475 2504 potu
517 2423 872 2494 reficiuntur,
909 2423 998 2480 alii
1026 2423 1277 2504 quolibet
1302 2422 1452 2480 aliud
1483 2437 1651 2499 agunt
1674 2471 1689 2495 ,
1720 2424 1835 2482 alii‘

36 2567 44 2581 ,
86 2511 388 2584 dormiunt,
420 2532 527 2569 non
565 2512 755 2590 utique
798 2510 995 2580 desunt.
1023 2532 1159 2590 quos
1199 2510 1526 2568 desiderium
1557 2525 1810 2570 sanctum

85 2622 238 2660 orare
264 2599 561 2680 compellat
585 2621 599 2656 ε
635 2599 710 2657 ita
740 2600 803 2657 fit
827 2613 889 2657 ut
925 2599 1162 2680 Spiritus
1191 2612 1432 2669 sanctUS,
1460 2600 1557 2679 qui
1601 2601 1810 2681 ubique

86 2689 343 2747 omnibus
365 2687 535 2758 adest,
569 2687 971 2768 aliquantulum
996 2707 1198 2745 cessare
1223 2709 1252 2744 a
1281 2687 1574 2762 gemitibus
1602 2709 1711 2745 non
1731 2688 1810 2746 si-

82 2790 268 2857 natur,
299 2775 450 2855 quod
477 2789 556 2833 est
579 2788 830 2834 extremae
853 2776 1107 2846 miseriae,
1137 2796 1262 2833 cum
1292 2796 1396 2855 pro
1427 2776 1798 2855 quibuscum-²

84 2875 191 2947 que
220 2863 504 2922 orantibus
539 2864 752 2939 cogitur
780 2885 988 2940 gemere
1020 2886 1034 2921 ε
1066 2863 1170 2921 nisi
1198 2864 1489 2939 gemitibus
1526 2865 1810 2924 inenarra-

83 2953 292 3012 bilibus
313 2951 658 3031 interpella're
686 2952 762 3026 spic
788 2952 1123 3028 intelligatur
1144 2998 1160 3023 ,
1189 2965 1250 3010 ut
1280 2951 1418 3022 dixi,
1447 2951 1503 3009 id
1534 2965 1645 3023 est,
1681 2954 1814 3034 quia

84 3040 375 3117 gemitibus
428 3051 741 3097 sanctorum
773 3039 1165 3098 desideriorum
1214 3039 1560 3120 interpellare
1595 3054 1809 3100 sanctos

83 3127 234 3200 facit,
285 3124 488 3213 quibus
514 3125 766 3185 affectum
794 3127 952 3207 pium
1001 3128 1192 3204 gratiae
1233 3127 1494 3208 spiritalis
1543 3127 1801 3188 infundit.

148 3227 162 3256 ¹
181 3230 301 3268 Rom.
319 3240 415 3276 v111,
436 3228 506 3271 26.
