2144 3808
571 332 639 370 nn
682 328 1002 384 Tamum-13,
1048 331 1161 370 mn.
1205 330 1332 372 vm.
1720 317 1828 389 401

105 415 249 475 enim
290 419 406 492 ejus
450 435 480 472 a
518 434 752 494 corpore
792 426 1040 492 separata
1082 425 1178 473 cst.
1229 412 1336 471 Sed
1374 412 1435 472 id
1474 415 1627 496 quod
1655 417 1714 475 in
1744 417 1841 476 illo

106 528 280 565 amam
292 527 370 575 οε,
396 504 555 562 etiam
581 524 728 561 nunc
755 503 933 561 vivere
956 502 1230 561 credimus
1251 525 1265 560 ε
1290 524 1536 561 amamus
1558 505 1702 563 enim
1729 506 1842 565 ani-

105 617 254 654 mum
279 598 508 671 justum.
538 594 625 660 ,Ex
654 613 765 673 qua
800 613 925 668 ergo
953 592 1189 668 generali
1238 606 1334 650 aut
1368 593 1592 673 speciali
1633 595 1839 671 regula,

105 684 206 744 nisi
230 684 359 764 quia
388 683 610 752 scimus,
632 695 686 739 et
711 681 847 762 quid
872 681 939 740 sit
964 681 1197 752 animus,
1224 695 1277 739 et
1305 682 1438 762 quid
1466 683 1745 759 sitjustu5.
1773 685 1845 742 Et

106 774 318 831 animus
347 771 566 852 quidem
590 770 727 852 quid
759 770 850 840 sit,
878 792 989 828 non
1013 770 1314 845 incongrue
1337 792 1432 827 nos
1462 770 1698 830 dicimus
1717 771 1843 830 ideo

104 882 255 920 nosse
277 907 291 931 ,
330 859 459 941 quia
490 872 542 916 et
570 880 671 916 nos
706 858 975 916 habemus
1021 858 1285 918 animum.
1330 860 1518 939 Neque
1551 860 1696 918 enim
1734 882 1845 919 un-

102 970 270 1031 quam
298 947 468 1006 oculis
492 946 749 1017 vidimuS‚
775 962 829 1004 et
858 967 919 1004 ex
948 947 1305 1005 similitudine
1331 948 1568 1006 visorum
1594 949 1844 1029 plurium

103 1039 377 1096 notionem
409 1035 709 1113 generalem
733 1035 1094 1116 specialemve
1113 1037 1391 1117 percepim
1402 1058 1492 1106 us3
1521 1037 1611 1096 sed
1633 1038 1840 1118 potiuS,

104 1140 166 1185 ut
192 1126 324 1198 dixi,
353 1126 483 1207 quia
504 1138 557 1183 et
584 1146 682 1182 nos
709 1123 998 1184 habemus.
1032 1125 1183 1196 Quid
1212 1128 1352 1183 enim
1380 1139 1490 1183 tam
1519 1126 1709 1185 intime
1730 1127 1843 1186 sci:

103 1228 214 1287 tur,
248 1236 407 1295 seque
435 1216 617 1295 ipsum
642 1235 750 1270 esse
778 1213 975 1284 sentit,
1008 1235 1174 1294 quam
1214 1214 1270 1272 id
1300 1236 1411 1294 quo
1444 1215 1607 1272 etiam
1643 1229 1843 1274 caetera

101 1304 410 1363 sentiuntur
430 1350 445 1374 ,
475 1303 532 1361 id
560 1316 638 1360 est
659 1349 673 1374 ,
716 1301 831 1382 ipse
866 1303 1120 1362 animus?
1160 1303 1299 1360 Nam
1328 1317 1381 1360 et
1418 1317 1595 1362 motus
1627 1325 1835 1385 corpo-

101 1416 247 1464 rum,
278 1394 482 1474 quibus
508 1405 707 1474 praeter
740 1413 838 1450 nos
868 1392 1000 1450 alios
1023 1392 1201 1451 vivere
1223 1392 1482 1451 sentimus
1492 1396 1611 1479 ⁴‚ex
1650 1408 1835 1452 nostra

100 1483 456 1542 similitudine
485 1482 865 1559 agnoscimus:
899 1483 1026 1562 quia
1056 1495 1108 1540 et
1137 1504 1232 1540 nos
1275 1482 1351 1540 ita
1391 1505 1670 1541 movemus
1705 1505 1835 1542 cor-

99 1594 204 1654 pus
230 1571 489 1642 vivendo,
525 1571 666 1629 sicut
701 1570 794 1628 illa
829 1592 1064 1651 corpora
1107 1571 1311 1629 moveri
1340 1571 1688 1633 advertimus,
1729 1574 1841 1631 Ne-

99 1683 205 1742 que
230 1661 376 1719 enim
405 1682 534 1718 cum
573 1680 775 1740 corpus
803 1660 991 1725 vivum
1022 1674 1293 1731 movetur,
1332 1661 1578 1741 aperitur
1615 1661 1726 1720 ulla
1751 1662 1842 1730 via

99 1750 272 1809 oculis
300 1749 496 1807 nostris
529 1748 597 1806 ad
637 1748 934 1807 vivendum
960 1748 1229 1820 animum,
1260 1771 1372 1806 rem
1398 1771 1522 1830 quae
1549 1749 1722 1809 oculi's
1753 1750 1845 1809 vi-

99 1839 217 1898 deri
251 1860 365 1910 non
396 1851 574 1919 potest
613 1859 627 1894 ε
662 1837 755 1896 sed
798 1838 877 1896 illi
916 1837 1048 1895 moli
1084 1837 1295 1917 aliquid
1334 1838 1504 1896 inesse
1536 1838 1796 1896 sentimus
1819 1885 1835 1910 ‚

99 1925 258 2008 quale
278 1926 438 1984 nobis
465 1927 603 1984 inest
628 1925 695 1984 ad
718 1925 1047 1984 movendum
1078 1925 1326 1983 similiter
1350 1925 1548 1983 molem
1573 1939 1839 1998 nostram,

98 2015 251 2097 quod
280 2028 360 2073 est
387 2015 499 2075 vita
523 2027 575 2072 et
606 2015 805 2074 anima.
840 2015 1029 2094 Neque
1059 2013 1214 2094 quasi
1240 2013 1502 2072 humanae
1532 2014 1848 2094 prudentiae

39 2133 41 2136 ·
98 2104 429 2185 rationisque
466 2095 756 2185 p1³oprium
787 2116 883 2162 est.
924 2104 993 2160 lit
1023 2103 1212 2160 bestiae
1235 2104 1448 2183 quippe
1482 2105 1723 2161 sentiunt
1754 2104 1845 2163 vi-

97 2214 256 2264 vere,
286 2215 398 2252 non
431 2206 647 2252 tantum
679 2214 732 2250 se
758 2194 936 2272 ipsaS‚
981 2191 1074 2250 sed
1116 2191 1279 2249 etiam
1319 2213 1373 2249 se
1414 2193 1647 2250 invicem
1681 2206 1846 2273 atque

100 2283 421 2342 alterutrum
444 2330 459 2357 ,
499 2298 552 2342 et
581 2304 678 2340 nos
713 2282 878 2362 ipsos,
913 2283 1026 2339 Nec
1048 2280 1255 2339 animas
1275 2294 1484 2339 nostras
1509 2281 1720 2354 vident,
1749 2283 1845 2342 sed

98 2394 156 2432 ex
195 2373 441 2431 motibus
473 2370 753 2453 corporiS‚
800 2369 968 2450 idque
998 2369 1179 2427 statim
1216 2381 1269 2426 et
1311 2367 1570 2428 facillime
1599 2370 1842 2452 quadam

99 2462 502 2543 conspiratione
542 2458 799 2519 naturali.
858 2459 1118 2517 Animum
1151 2458 1318 2534 igitur
1362 2458 1661 2535 cujuslibet
1690 2474 1742 2519 et
1780 2482 1842 2519 ex

98 2563 282 2608 nostro
307 2550 558 2609 novimus
577 2595 591 2620 ,
627 2561 680 2607 et
706 2568 765 2606 ex
793 2560 976 2606 nostro
1006 2544 1282 2605 credimus
1326 2567 1490 2627 quem
1520 2569 1632 2606 non
1662 2548 1828 2607 novi-

99 2659 237 2699 mus,
274 2641 399 2698 Non
415 2624 559 2697 enim
584 2650 799 2696 tantum
815 2637 1076 2695 sentimus
1098 2635 1366 2707 animum,
1400 2635 1490 2693 sed
1517 2637 1680 2695 etiam
1700 2639 1837 2696 scire

97 2749 385 2809 possumus
425 2727 563 2809 quid
600 2728 669 2786 sit
710 2726 920 2785 animus
948 2723 1382 2784 consideratione
1415 2726 1622 2783 nostri:
1656 2726 1837 2786 hahe-

98 2838 221 2875 mus
249 2819 394 2875 enim
423 2816 685 2877 animum.
727 2815 835 2874 Sed
870 2814 1007 2896 quid
1033 2815 1100 2872 sit
1123 2819 1299 2890 justus
1318 2861 1330 2883 ,
1369 2814 1513 2872 unde
1541 2815 1832 2876 novimus?

98 2906 420 2964 Dixeramus
446 2907 592 2964 enim
623 2927 722 2964 nos
758 2903 1083 2984 Apostolum
1112 2924 1221 2959 non
1247 2902 1350 2960 alia
1376 2923 1537 2960 causa
1566 2903 1789 2980 diligere
1810 2951 1827 2978 ,

98 2993 201 3052 nisi
239 2994 388 3075 quod
423 2995 491 3053 sit
518 2998 700 3070 justus
736 2993 968 3054 animus.
1022 2991 1287 3048 Novimus
1328 3012 1453 3067 ergo
1497 3004 1550 3048 et
1587 2993 1727 3073 quid
1762 2994 1832 3052 sit

90 3087 293 3159 justu8,
325 3085 466 3144 sicut
498 3098 550 3142 et
570 3083 707 3166 quid
736 3083 805 3141 sit
832 3082 1062 3140 animus,
1100 3079 1204 3160 Sed
1235 3079 1370 3162 quid
1399 3080 1466 3139 sit
1495 3084 1731 3153 aninmS,
1767 3096 1830 3143 ut

99 3171 312 3231 dictum
341 3186 441 3246 est,
475 3172 726 3232 novimus
754 3192 814 3229 ex
834 3169 992 3235 nobis
1017 3169 1204 3236 :inest
1224 3168 1368 3227 enim
1401 3169 1613 3229 animus
1639 3171 1820 3234 nobiS.

9 3256 37 3280 '⁵
101 3259 254 3336 Quid
276 3275 457 3321 autem
481 3261 549 3320 sit
560 3266 740 3339 justus
761 3257 906 3319 unde
925 3258 1199 3329 novimus»,
1224 3256 1271 3324 si
1297 3257 1431 3332 justi
1463 3279 1574 3316 non
1603 3263 1825 3324 sumus?

263 3368 496 3411 cxxxvll.
1554 3351 1628 3411 ²6
