2144 3808
583 275 653 312 m:
697 273 1019 324 TRINITATE,
1066 275 1176 314 Lis.
1228 277 1281 314 v.
1708 257 1824 318 335

98 352 316 413 dicitur.
354 354 709 435 Quapropter
732 354 1035 430 ingenitum
1056 376 1164 412 esse
1190 357 1341 413 Patri
1366 358 1668 416 secundum
1689 358 1828 417 sub-

98 443 348 502 stantiam
372 455 469 514 est,
491 439 543 501 e‘t
567 443 807 518 genitum
835 464 943 501 esse
969 431 1105 502 Filio
1131 442 1434 507 secundum
1465 447 1828 507 substantiam

15 578 19 581 ‚
98 540 192 614 est.
231 534 514 601 Diversum
533 545 610 590 est
636 533 812 591 autem
837 533 1146 610 ingenitum
1175 547 1304 607 esse,
1334 548 1386 592 et
1411 537 1651 612 genitum
1674 559 1781 596 esse
1809 560 1825 595 ι

93 611 313 698 ν(Ιίνεὲϊεεῐ
327 624 405 679 es't
433 642 560 697 ergo
583 618 888 701 substantia
917 605 1095 680 Patris
1124 635 1175 679 et
1197 615 1334 682 Filii.
1361 615 1580 695 Quibus
1598 645 1842 706 respon-h

99 700 288 790 (lenitis
317 732 329 767 :
360 704 418 768 Si
439 705 711 792 quidquid
743 697 810 769 de
841 703 953 788 Deo
983 705 1209 783 dicitur,
1241 703 1543 795 secundum
1570 715 1829 772 substan-

98 799 231 858 tiam
249 797 481 868 dicitur3
502 795 628 875 ergo
653 797 803 880 quod
821 795 1135 858 dictumest
1165 822 1178 857 ε
1208 827 1230 853 κ
1258 790 1372 886 Ego
1398 814 1452 859 et
1476 796 1637 860 Pater
1657 823 1830 881 unum

101 915 128 942 >2
157 870 417 962 sumu34²
454 914 480 941 ›>
510 886 812 946 secundum
841 878 1202 948 substantiam
1236 888 1448 967 dictum
1477 905 1570 950 est.
1607 881 1731 969 Una(
1750 903 1830 948 est

15 1052 25 1055 μ
99 977 267 1054 i'gi'tu‘r
285 975 587 1035 substantia
610 961 787 1035 Patris
811 990 862 1035 et
893 968 1032 1037 Filii.
1069 974 1178 1036 Aut
1205 970 1249 1036 si
1269 972 1379 1038 boe
1402 1001 1515 1036 non
1532 978 1835 1038 secundum

102 1058 464 1125 substantiam
490 1059 701 1149 dictum
727 1079 838 1138 est,
865 1064 1069 1126 dicitur
1097 1086 1223 1143 ergo
1257 1062 1464 1149 aliquid
1494 1059 1562 1126 de
1580 1071 1698 1127 Deo
1724 1090 1835 1126 non

103 1153 304 1222 secund
314 1160 404 1212 um
418 1152 776 1230 substantiam
788 1180 803 1223 3
817 1167 869 1212 et
884 1153 1006 1211 ideo
1016 1159 1037 1231 j
1047 1177 1132 1212 am
1147 1177 1258 1213 non
1272 1155 1835 1239 cogimursecundum

103 1242 462 1302 substantiam
493 1238 793 1325 intelligere
820 1244 1122 1320 ingenitum
1152 1258 1204 1302 et
1236 1246 1497 1321 genitum.
1540 1246 1680 1304 Item
1712 1245 1838 1304 dic-

105 1337 221 1390 t'u'm
244 1345 322 1390 est
345 1331 412 1390 de
436 1326 570 1390 Filio
598 1354 612 1389 ε
636 1359 662 1385 c<
689 1325 815 1390 Non
835 1330 1087 1413 rapinam
1107 1326 1402 1417 arbitratus
1425 1347 1505 1410 est
1527 1355 1636 1393 esse
1655 1343 1841 1415 aeq'ua-

107 1447 134 1475 ›>
161 1421 227 1479 lis
258 1422 370 1479 Deo
397 1421 420 1457 2
445 1443 458 1478 :
494 1447 519 1474 ›>
537 1422 836 1502 quaerimus
849 1421 1151 1500 secundum
1166 1422 1302 1504 quid
1331 1422 1593 1504 aequalis?
1614 1422 1672 1481 Si
1695 1423 1839 1481 enim

106 1530 216 1568 non
247 1493 547 1567 secunclum
570 1502 931 1569 substantiam
954 1506 1160 1570 dicitur
1188 1510 1434 1592 aequalis,
1458 1506 1760 1569 admittunt
1782 1524 1845 1569 ut

80 1670 83 1674 .
108 1596 324 1656 dicatur
353 1581 561 1678 aliquid
577 1596 645 1655 de
681 1596 821 1671 Deo,
853 1621 964 1657 non
988 1598 1292 1657 secundum
1319 1600 1715 1658 substantiam:
1749 1598 1844 1659 ad·-

109 1684 330 1745 mi'ttant
372 1687 497 1762 ergo
534 1707 650 1769 non¹
675 1685 976 1745 secundum
1007 1688 1368 1766 substantiam
1404 1687 1516 1746 dici
1542 1688 1848 1764 ingenitum

109 1777 164 1834 et
191 1774 452 1861 genitum.
489 1764 655 1847 Quod
679 1776 722 1833 si
762 1789 1054 1857 propterea
1082 1799 1194 1834 non
1229 1768 1550 1850 admittunt,
1575 1777 1706 1858 quia
1726 1800 1849 1837 om-

70 1879 72 1881 ’
111 1863 202 1924 nia
217 1863 284 1923 de
306 1864 421 1922 Deo
439 1863 740 1922 seeundum
773 1866 1136 1924 substantiam
1160 1865 1273 1924 diei
1299 1865 1514 1938 volunt,
1542 1866 1848 1926 secundum

112 1949 471 2029 substantiam
508 1931 674 2010 Filius
700 1952 926 2034 aequalis
948 1967 1028 2019 est
1058 1943 1228 2014 Patri.
1608 2030 1609 2035 Ἰ
1701 2022 1709 2040 ¹

195 2025 260 2102 V.
300 2025 566 2100 Acciilens
615 2053 794 2100 autem
827 2063 938 2100 non
976 2043 1115 2101 solet
1146 2043 1282 2115 dici,
1328 2043 1432 2101 nisi
1463 2043 1615 2124 quod
1664 2043 1848 2125 aliqua

115 2128 416 2189 mutatione
462 2134 576 2206 ejus
603 2130 682 2188 rei
712 2130 803 2188 cui
850 2129 1052 2189 accidit
1098 2132 1274 2190 amitti
1315 2145 1512 2212 potest.
1563 2127 1706 2191 Nam
1751 2131 1850 2190 etsi

114 2210 373 2301 quaedam
401 2215 666 2277 dicuntur
714 2218 1021 2277 accidentia
1051 2214 1461 2300 inseparabilia,
1500 2241 1627 2300 quae
1657 2212 1850 2280 Graece

119 2285 466 2389 appellantur
502 2286 753 2387 οἷχώριςα,
783 2307 926 2365 sicut
952 2299 1032 2366 est
1061 2307 1271 2388 plumae
1301 2309 1452 2368 corvi
1475 2308 1626 2367 color
1656 2309 1808 2386 niger
1832 2331 1847 2367 t

121 2395 320 2466 amittit
347 2416 471 2454 eum
497 2408 702 2468 tamen,
735 2417 850 2454 non
879 2396 1104 2479 quidem
1137 2397 1385 2477 quandiu
1410 2397 1603 2479 pluma
1635 2411 1734 2471 est,
1760 2392 1853 2456 sed

119 2485 250 2568 quia
286 2507 397 2544 non
426 2506 636 2565 semper
682 2498 760 2564 est
802 2485 1012 2566 pluma.
1054 2486 1411 2567 Quapropter
1449 2488 1567 2569 ipsa
1609 2487 1857 2545 materies

120 2573 403 2654 mutabilis
432 2574 531 2645 est,
563 2586 615 2632 et
639 2595 699 2632 ex
723 2596 786 2632 eo
809 2574 961 2657 quod
992 2574 1190 2633 desinit
1217 2597 1325 2634 esse
1351 2575 1492 2633 illud
1538 2576 1742 2654 animal
1769 2575 1857 2636 vel

121 2642 216 2723 illa
251 2663 464 2744 pluma,
494 2659 782 2745 totumque
809 2655 947 2722 illud
977 2686 1177 2745 eorpus
1206 2664 1264 2722 in
1310 2677 1511 2722 terram
1534 2677 1780 2722 mutatur
1807 2677 1861 2722 et

123 2753 387 2824 Vertitur,
425 2749 626 2811 amittit
665 2753 856 2833 utique
896 2753 1059 2812 etiam
1103 2753 1260 2812 illum
1300 2752 1555 2811 colorem.
1595 2747 1859 2824 Quamvis

123 2848 182 2900 'et
204 2830 455 2900 accidens
470 2839 621 2923 quod
643 2837 947 2922 separabile
975 2841 1202 2912 dicitur,
1234 2862 1346 2899 non
1368 2841 1726 2924 ‘separatione
1767 2835 1862 2899 sed

130 2928 431 2990 mutatione
475 2924 782 2999 amittatur3
814 2930 974 2989 sicuti
1003 2943 1081 2988 est
1109 2929 1323 3010 capillis
1359 2929 1650 3011 hominum
1690 2929 1864 3005 nigri-

132 3015 291 3092 tudo,
327 3014 588 3098 quoniam
630 3016 767 3094 dum
794 3017 982 3099 capilli
1010 3031 1137 3076 sunt
1157 3065 1172 3090 ,
1207 3032 1439 3099 possunt
1460 3017 1752 3090 albescere,
1781 3039 1868 3076 se-

132 3094 381 3190 parabile
409 3102 661 3163 accidens
682 3103 888 3164 dicitur
915 3128 931 3165 ι
957 3105 1052 3166 sed
1068 3100 1354 3185 diligenter
1376 3106 1720 3167 intuentibus
1741 3107 1868 3165 satis

197 3217 211 3247 ¹
235 3220 355 3260 Joan.
380 3229 421 3264 x,
450 3216 516 3256 30.
537 3210 629 3258 ...2
646 3211 793 3268 Philip.
810 3228 862 3263 ιι,
881 3216 925 3255 6.
986 3268 989 3269 ⁷
