2144 3808
310 285 431 357 304
847 301 894 340 s.
945 297 1251 340 Aueusnm
1295 298 1552 341 Erlscol‘l

304 384 494 444 decem
514 401 724 445 menses?
739 381 1084 464 parientibus
1102 382 1345 442 foeminis
1368 382 1716 463 imputantur
1735 405 1751 442 ε
1776 390 1889 446 non
1907 390 2060 469 quia'

300 494 487 533 omnes
516 471 588 532 ad
613 485 819 532 sextum
847 470 990 529 diem
1014 484 1142 551 post
1168 492 1379 529 nonum
1406 493 1645 531 mensem
1668 475 2033 554 perveniunt,

297 561 392 621 sed
418 562 550 644 quia
587 562 709 643 ipsa
748 558 1012 641 perfectio
1052 558 1299 639 corporis
1332 560 1557 618 Domini
1603 573 1686 619 tot
1726 561 1922 624 diebus
1966 567 2038 631 ad

296 662 524 731 partum
543 649 814 732 perducta
838 648 1206 729 comperitur,
1231 646 1374 705 sicut
1398 668 1430 704 a
1450 649 1754 727 majoribus
1771 652 2039 714 traditum

295 740 597 821 suscipiens
621 738 883 798 Ecclesiae
902 736 1148 796 custodit
1170 737 1482 797 auctoritas,
1514 736 1731 798 Octavo
1753 741 1898 799 enim
1918 742 2037 801 Ka-

294 826 485 887 lendas
523 827 731 909 Aprilis
772 839 1074 907 conceptus
1116 825 1360 884 creditur
1383 871 1399 898 ‚
1447 846 1559 906 quo
1603 839 1656 884 et
1695 849 1926 908 passus:
1960 831 2039 891 ita

295 930 656 976 monumento
677 909 822 977 novo
840 962 855 988 ,
881 936 991 996 quo
1015 915 1262 995 sepultus
1286 928 1395 988 est,
1417 914 1519 972 ubi
1542 915 1728 975 nullus
1753 932 1869 977 erat
1893 939 2038 978 mor-

293 998 529 1065 tuorum
549 1003 796 1087 positus1
813 1050 829 1076 ,
860 1024 962 1062 nec
985 1016 1110 1062 ante
1130 1048 1146 1073 ,
1175 1023 1278 1061 nec
1304 1015 1494 1082 postea
1515 1050 1530 1075 ,
1563 1005 1817 1081 congruit
1850 1020 2038 1067 uterus

293 1093 523 1170 virginis
545 1112 659 1172 quo
683 1104 988 1172 conceptus
1011 1104 1116 1160 est,
1151 1090 1254 1148 ubi
1277 1090 1463 1148 nullus
1479 1091 1773 1151 seminatus
1791 1108 1870 1154 est
1891 1117 2037 1155 mor-

293 1181 510 1242 talium.
543 1181 723 1240 Natus
749 1193 931 1240 autem
952 1179 1191 1240 traditur
1210 1192 1406 1240 octavo
1427 1178 1701 1239 Kalendas
1722 1181 1756 1238 J
1760 1185 2026 1264 annarias,

291 1270 381 1328 Ab
405 1269 502 1328 illo
531 1290 660 1346 ergo
684 1268 773 1329 die
793 1289 967 1350 usque
996 1268 1066 1327 ad
1087 1269 1254 1327 istum
1279 1269 1622 1349 computati,
1650 1268 1876 1331 ducenti
1915 1294 2035 1355 sep-

291 1358 543 1434 tuaginta
571 1370 626 1415 et
653 1378 741 1416 sex
767 1358 1122 1439 reperiuntur
1145 1357 1258 1416 dies
1275 1403 1291 1430 ,
1323 1357 1422 1439 qui
1445 1353 1718 1416 senarium
1741 1379 2032 1420 numerum

291 1445 619 1527 quadragies
662 1446 824 1504 sexies
866 1446 1097 1506 habent.
1150 1446 1279 1517 Quo
1319 1465 1549 1503 numero
1588 1467 1859 1506 annorum
1887 1462 2032 1508 tem-

290 1533 452 1614 plum
478 1532 818 1592 aedificatum
847 1546 925 1592 est
945 1580 961 1605 ‚
1000 1535 1133 1615 quia
1170 1554 1233 1591 eo
1264 1553 1496 1591 numero
1527 1534 1862 1593 senariorum
1899 1557 2030 1595 cor-

287 1644 394 1703 pus
417 1623 645 1682 Domini
664 1623 974 1704 perfectum
998 1636 1105 1696 est,
1131 1622 1285 1703 quod
1308 1621 1498 1680 mortis
1517 1623 1768 1702 passione
1786 1623 2030 1685 destruc-

289 1724 446 1784 tum,
482 1710 669 1770 triduo
698 1712 1060 1771 resuscitavit.
1101 1711 1341 1770 Dicebat
1385 1711 1531 1768 enim
1568 1710 1681 1770 hoc
1720 1711 1788 1770 de
1822 1714 2028 1795 templo

286 1801 537 1882 corporis
568 1801 684 1873 sui,
730 1801 874 1860 sicut
901 1799 1308 1880 evidentissimo
1342 1813 1396 1858 et
1430 1799 1809 1859 robustissimo
1839 1803 2030 1863 Evan-

284 1891 410 1966 gelii
438 1890 750 1949 testimonio
782 1890 1099 1949 declaratur
1122 1936 1137 1960 ,
1170 1911 1283 1970 quo
1316 1890 1392 1948 ait
1418 1911 1432 1947 ε
1478 1915 1506 1943 «
1532 1890 1690 1948 Sicut
1727 1890 1833 1949 fuit
1859 1893 2030 1952 Jonas

283 2004 312 2034 ι)
335 1980 393 2037 in
415 1992 604 2039 ventre
637 1979 744 2037 ceti
775 1979 950 2037 tribus
979 1977 1256 2036 diebus'et
1283 1978 1463 2035 tribus
1491 1978 1750 2035 noctibus
1768 2024 1783 2051 ,
1817 1979 1895 2037 sic
1924 1981 2028 2039 erit

283 2094 312 2121 ›>
337 2067 507 2126 Filius
539 2067 782 2126 hominis
819 2068 879 2125 in
917 2067 1082 2125 corde
1111 2081 1271 2125 terrae
1305 2066 1481 2124 tribus
1518 2065 1717 2124 diebus
1753 2079 1807 2124 et
1849 2068 2026 2127 tribus

283 2182 311 2210 ›>
332 2155 645 2216 noctibus2.
674 2181 702 2209 >2

363 2245 434 2305 X.
499 2246 692 2324 Ipsum
737 2255 921 2302 autem
978 2243 1230 2302 triduum
1285 2263 1400 2300 non
1457 2253 1638 2300 totum
1691 2256 1744 2302 et
1792 2243 2017 2324 plenum

274 2332 472 2405 fuisse,
507 2332 798 2413 Scriptura
832 2332 980 2390 testis
1002 2344 1122 2390 est:
1158 2331 1251 2390 sed
1272 2331 1487 2411 primus
1522 2329 1637 2388 dies
1673 2353 1704 2389 a
1737 2346 1898 2411 parte
1923 2355 2018 2393 ex-

276 2435 449 2481 trema
489 2434 638 2479 totus
679 2434 1070 2479 annumeratus
1105 2434 1217 2489 est3
1257 2419 1372 2477 dies
1401 2439 1530 2478 vero
1573 2419 1764 2478 tertius
1802 2442 1831 2478 a
1859 2434 2018 2501 parte

272 2511 456 2593 prima
474 2557 490 2583 ,
519 2523 574 2568 et
598 2510 715 2591 ipse
743 2523 892 2568 totus
914 2535 930 2578 3
955 2508 1169 2568 medius
1201 2521 1383 2566 autem
1406 2506 1549 2564 inter
1567 2527 1687 2578 e05,
1721 2508 1779 2566 id
1802 2523 1911 2581 est,
1939 2531 2018 2569 se-

275 2597 495 2658 cundus
531 2597 646 2657 dies
687 2597 936 2657 absolute
980 2611 1127 2656 totus
1166 2596 1362 2673 viginti
1393 2607 1632 2675 quatuor
1674 2595 1824 2654 horis
1866 2598 2011 2671 suiS,

276 2686 572 2758 duodecim
608 2687 896 2745 nocturnis
924 2699 979 2744 et
999 2685 1294 2744 duodecim
1322 2682 1550 2741 diurnis.
1594 2683 1900 2743 Crucifixus
1937 2699 2016 2745 est

264 2777 422 2835 ‚enim
458 2776 641 2858 primo
677 2775 709 2831 J
717 2775 1001 2834 udaeorum
1039 2774 1273 2834 vocibus
1301 2772 1441 2828 hora
1475 2770 1632 2828 tertia
1654 2817 1668 2842 ,
1717 2793 1846 2831 cum
1882 2787 2016 2833 esset

275 2864 390 2923 dies
420 2877 563 2923 sexta
598 2863 871 2923 sabbati-⁹&
914 2862 1126 2921 Deinde
1157 2862 1214 2919 in
1253 2860 1373 2939 ipsa
1406 2879 1569 2916 cruce
1605 2880 1897 2940 suspensus
1936 2875 2014 2920 est

270 2953 412 3012 hora
438 2966 579 3011 sexta
598 2999 612 3024 ,
642 2965 697 3010 et
720 2952 976 3033 spiritum
1003 2948 1230 3008 tradidit
1258 2947 1398 3004 hora
1423 2946 1619 3007 nona4.
1657 2948 1914 3030 Sepultus
1935 2963 2013 3008 est

272 3055 454 3101 autem
475 3062 606 3100 cum
622 3049 738 3117 jam
763 3062 878 3099 sero
901 3039 1113 3099 factum
1131 3048 1265 3095 esset
1286 3082 1300 3109 ‚
1325 3035 1468 3093 sicut
1489 3057 1599 3094 sese
1614 3036 1825 3096 habent
1845 3037 2012 3098 verba

291 3151 293 3153 .
332 3168 348 3197 ¹
372 3170 492 3210 Joan.
515 3179 606 3217 xxx,
627 3172 702 3213 41,
721 3186 779 3197 -—
800 3161 821 3193 ²
840 3167 938 3206 Jon.
958 3176 1008 3214 11,
1037 3177 1074 3214 1,
1098 3169 1139 3203 et
1168 3159 1318 3205 Matth.
1351 3174 1429 3210 xix,
1457 3167 1526 3210 4ο.
1554 3183 1613 3195 —-
1630 3158 1651 3192 3
1672 3164 1795 3207 Joan.
1828 3175 1914 3214 xix,
1937 3170 2009 3211 14.

270 3256 326 3267 -
343 3231 364 3265 ⁴
385 3231 540 3279 nauh.
566 3245 698 3284 xxvn,
721 3231 787 3272 50.
