2144 3808
535 368 605 406 nn
648 360 968 421 mimi-Arri,
1015 367 1126 406 mn.
1179 368 1306 415 xus.
1697 348 1802 412 511

91 460 180 510 tur
205 467 373 530 quam
415 446 519 518 sit,
541 447 600 506 in
635 448 743 511 hac
780 447 891 522 vita
934 447 1224 529 quaeritur,
1271 448 1382 506 imo
1410 467 1538 511 vero
1566 449 1814 524 fingitur,

90 533 224 593 dum
246 530 626 594 immortalitas
642 530 983 616 desperatur,
999 535 1113 613 sine
1132 557 1243 616 qua
1259 550 1386 593 vera
1403 536 1687 597 beatitudo
1710 558 1822 597 esse

90 645 202 681 non
220 637 415 703 potest.
457 622 556 683 Ille
584 623 795 705 quippe
830 624 986 683 beate
1010 624 1182 695 vivit,
1230 623 1382 703 quod
1412 628 1530 699 jam
1570 625 1817 704 superius

92 706 327 769 diximus
349 758 362 784 ‚
394 725 447 778 et
464 711 754 776 astruendo
776 711 904 771 satis
924 712 1161 783 fiximuS,
1185 714 1283 792 qui
1305 712 1439 777 vivit
1464 711 1656 774 utvult
1671 755 1687 783 ,
1718 734 1819 771 nec

92 793 231 857 male
259 793 466 880 aliquid
495 799 632 860 vult.
688 801 861 858 Nemo
896 813 1076 859 autem
1121 799 1261 858 male
1291 799 1412 859 vult
1442 800 1820 863 immortalita-

93 899 227 958 tem,
259 884 305 944 si
329 891 446 962 ejus
468 886 711 949 humana
739 909 910 967 capax
938 900 1017 945 est
1045 888 1161 945 Deo
1188 886 1427 947 donante
1452 900 1649 949 natura
1680 910 1694 945 ε
1728 909 1824 949 cu-

88 976 180 1049 jus
208 968 250 1031 si
275 996 386 1032 non
406 995 579 1054 capax
603 989 681 1033 est
698 1021 713 1046 ,
734 996 836 1037 nec
863 974 1221 1033 beatitudinis
1251 990 1422 1054 capax
1450 988 1545 1034 est.
1578 977 1652 1036 Ut
1678 977 1824 1044 enim

95 1060 267 1120 homo
281 1061 440 1120 beate
468 1062 641 1133 vivat,
671 1075 887 1143 oportet
912 1074 972 1120 ut
995 1063 1164 1122 vivat.
1206 1062 1386 1132 Quem
1402 1077 1572 1141 porro,
1593 1062 1827 1123 morien·

100 1161 206 1207 tem
227 1144 340 1208 vita
362 1148 482 1230 ipsa
495 1149 714 1220 deserit,
744 1151 903 1209 beata
934 1150 1045 1210 vita
1070 1171 1196 1208 cum
1226 1148 1322 1207 illo
1352 1163 1568 1213 manere
1594 1151 1691 1230 qui
1715 1172 1827 1230 po-x-

98 1240 236 1295 test?
272 1238 414 1296 Cum
455 1251 632 1296 autem
666 1237 900 1311 deserit,
949 1251 1042 1297 aut
1090 1237 1363 1296 nolentem
1409 1237 1606 1302 deserit
1633 1238 1847 1319 procul-

100 1320 275 1383 dubio
297 1371 310 1395 ,
342 1338 438 1383 aut
473 1325 774 1396 volentem,
827 1338 924 1384 aut
949 1340 1226 1385 neutrum.
1266 1325 1322 1383 Si
1350 1324 1648 1396 nolentem,
1682 1347 1828 1405 quo-

100 1409 265 1471 modo
295 1411 455 1470 beata
483 1412 597 1473 vita
625 1427 725 1485 est,
757 1434 884 1494 quae
904 1413 981 1472 ita
1009 1427 1088 1472 est
1108 1414 1165 1471 in
1197 1413 1498 1483 voluntate,
1540 1426 1736 1474 utnon
1763 1415 1833 1472 sit

100 1499 156 1559 in
186 1504 492 1582 potestate?
526 1495 779 1583 Cumque
801 1502 993 1560 beatus
1038 1522 1198 1559 nemo
1245 1500 1314 1558 sit
1360 1499 1570 1580 aliquid
1596 1500 1826 1562 volendo

102 1610 202 1647 nec
242 1582 525 1663 habend0‚
565 1603 772 1670 quanto
804 1590 983 1648 minus
1003 1603 1082 1647 est
1108 1590 1302 1648 beatus
1333 1588 1429 1668 qui
1459 1610 1570 1648 non
1596 1588 1825 1661 honore,

104 1691 217 1735 11011
246 1675 599 1756 possessione,
638 1698 751 1735 non
764 1669 1014 1759 qualibet
1035 1676 1140 1735 alia
1169 1698 1249 1748 re,
1279 1676 1371 1734 sed
1394 1677 1511 1756 ipsa
1535 1677 1694 1738 beata
1722 1678 1831 1736 vita

106 1762 293 1823 nolens
308 1763 594 1836 deseritur,
635 1765 858 1845 quando
875 1766 923 1825 ei
944 1765 1096 1824 nulla
1119 1765 1231 1825 vita
1251 1765 1390 1824 erit?
1418 1765 1575 1825 Unde
1601 1767 1698 1825 etsi
1721 1767 1837 1826 nul-

105 1850 190 1911 lus
219 1871 400 1911 sensus
430 1851 791 1935 relinquitur,
837 1875 949 1935 quo
977 1855 1047 1912 sit
1077 1853 1277 1913 ‘misera
1324 1853 1646 1934 (propterea
1689 1856 1829 1914 enim

107 1943 268 2000 beata
303 1941 414 1999 vita
443 1936 698 2013 discedit,
728 1943 992 2022 quoniam
1036 1954 1150 2000 tota
1181 1942 1294 2000 vita
1328 1941 1592 2021 discedit)
1626 1957 1641 2000 2
1677 1944 1837 2003 miser

109 2043 188 2088 est
211 2042 390 2092 tamen
410 2075 426 2100 ,
461 2023 710 2110 quandiu
741 2030 903 2088 sentit
924 2075 939 2102 ,
975 2031 1102 2111 quia
1147 2029 1250 2087 scit
1273 2050 1326 2087 se
1353 2029 1567 2096 nolente
1591 2031 1838 2089 consumi

110 2131 339 2200 propter
356 2110 507 2198 quod
529 2131 724 2177 caetera
753 2132 804 2183 et
828 2118 977 2198 quod
1001 2139 1119 2198 prae
1144 2117 1353 2176 caeteris
1370 2116 1566 2193 diligit.
1595 2120 1721 2177 Non
1742 2119 1843 2195 igi-

113 2211 205 2275 tur
222 2218 401 2288 potest
420 2205 533 2265 vita
561 2215 614 2262 et
644 2206 804 2264 beata
835 2227 966 2277 esse,
1003 2211 1057 2262 et
1083 2204 1355 2262 nolentem
1392 2200 1664 2271 deserere:
1711 2206 1842 2286 quia

112 2293 304 2353 beatus
328 2290 515 2351 nolens
544 2313 704 2351 nemo
737 2293 800 2350 fit
824 2315 838 2350 ς
866 2314 930 2359 ac
948 2314 1047 2373 per
1077 2291 1185 2349 hoc
1214 2303 1424 2371 quanto
1452 2293 1620 2367 magis
1646 2292 1841 2354 nolen—

116 2396 224 2441 tem
243 2379 538 2440 deserendo
567 2379 822 2439 miserum
853 2379 1006 2451 facit,
1040 2399 1166 2459 quae
1192 2379 1236 2436 si
1257 2377 1465 2438 nolenti
1489 2391 1690 2465 praesto
1713 2393 1847 2439 esset

118 2468 372 2528 miserum
391 2466 609 2527 faceret.
635 2467 693 2525 Si
713 2482 891 2528 autem
907 2467 1176 2527 volentem
1196 2466 1416 2537 deserit,
1441 2467 1601 2534 etiam
1620 2467 1696 2526 sie
1713 2490 1847 2549 quo-

118 2550 286 2616 modo
309 2551 465 2615 beata
496 2551 606 2615 vita
635 2567 788 2627 erat,
822 2570 989 2636 quam
1023 2554 1202 2636 perire
1232 2553 1408 2613 voluit
1437 2554 1536 2634 qui
1564 2555 1846 2623 habebat?

119 2643 308 2704 Restat
330 2658 389 2704 ut
411 2642 598 2703 dicant
625 2656 880 2707 neutrum
908 2665 1018 2702 esse
1038 2643 1094 2701 in
1126 2642 1309 2700 animo
1333 2641 1503 2714 beati,
1519 2641 1579 2700 id
1599 2654 1699 2713 est,
1725 2663 1849 2702 eum

123 2733 296 2792 deseri
319 2756 347 2791 a
365 2733 523 2792 beata
551 2731 686 2802 vita,
710 2751 839 2790 cum
854 2753 954 2812 per
971 2743 1202 2790 mortem
1222 2728 1418 2788 deserit
1447 2741 1561 2787 tota
1581 2729 1691 2788 vita
1707 2771 1722 2801 -‚
1749 2752 1850 2789 nec

123 2821 269 2881 nolle
291 2843 391 2880 nec
410 2819 568 2890 velle,
599 2818 670 2879 ad
701 2833 996 2902 utrumque
1013 2820 1157 2878 enim
1183 2830 1376 2898 parato
1400 2829 1454 2875 et
1496 2837 1657 2897 aequo
1692 2818 1856 2876 corde

122 2909 427 2969 consistere.
465 2903 571 2966 Sed
600 2929 701 2966 nec
730 2908 831 2967 ista
855 2908 1016 2966 beata
1053 2920 1132 2964 est
1162 2907 1296 2976 vita,
1335 2925 1462 2986 quae
1493 2903 1616 2964 talis
1635 2921 1749 2978 est,
1787 2919 1852 2965 ut

126 3019 289 3079 quem
323 3005 543 3059 beatum
570 2993 734 3066 facit,
766 3016 947 3053 amore
985 2998 1100 3070 eJus
1137 2991 1361 3069 indigna
1409 2991 1495 3052 sit.
1551 2992 1848 3064 Quomodo

129 3085 276 3146 enimr
298 3097 375 3144 est
404 3083 564 3144 beata
605 3083 741 3153 vita,
791 3103 959 3165 quam
988 3103 1101 3140 non
1127 3093 1275 3140 amat
1303 3080 1535 3139 beatus?
1573 3083 1684 3140 Aut
1713 3104 1859 3164 quo-

134 3171 299 3236 modo
325 3184 560 3242 amatur,
585 3169 736 3251 quod
762 3184 947 3232 utrum
974 3172 1174 3247 vigeat,
1224 3190 1295 3228 an
1310 3181 1518 3250 pereat,
1544 3166 1861 3232 indifferen-

136 3278 217 3324 ter
256 3261 568 3343 accipitur?
617 3253 733 3321 Nisi
760 3253 899 3322 forte
935 3259 1194 3331 virtutes,
1250 3278 1385 3339 quas
1426 3270 1657 3338 propter
1695 3252 1868 3329 solam
