<?xml version="1.0" encoding="UTF-8"?>
<!DOCTYPE html PUBLIC "-//W3C//DTD XHTML 1.0 Transitional//EN"
    "http://www.w3.org/TR/xhtml1/DTD/xhtml1-transitional.dtd">
<html xmlns="http://www.w3.org/1999/xhtml" xml:lang="en" lang="en">
 <head>
  <title>
</title>
<meta http-equiv="Content-Type" content="text/html;charset=utf-8" />
  <meta name='ocr-system' content='tesseract 3.04.00' />
  <meta name='ocr-capabilities' content='ocr_page ocr_carea ocr_par ocr_line ocrx_word'/>
</head>
<body>
  <div class='ocr_page' id='page_1' title='image "./operaomniaaccura30auguuoft_0268.png"; bbox 0 0 2144 3808; ppageno 0'>
   <div class='ocr_carea' id='block_1_1' title="bbox 312 287 1548 350">
    <p class='ocr_par' dir='ltr' id='par_1_1' title="bbox 312 287 1548 350">
     <span class='ocr_line' id='line_1_1' title="bbox 312 287 1548 350; baseline -0.003 0"><span class='ocrx_word' id='word_1_1' title='bbox 312 287 429 350; x_wconf 77' lang='lat'>258</span> <span class='ocrx_word' id='word_1_2' title='bbox 468 296 474 301; x_wconf 82' lang='grc'><strong>’</strong></span> <span class='ocrx_word' id='word_1_3' title='bbox 840 303 892 349; x_wconf 82' lang='lat' dir='ltr'>s.</span> <span class='ocrx_word' id='word_1_4' title='bbox 937 300 1247 349; x_wconf 49' lang='lat' dir='ltr'>incusum</span> <span class='ocrx_word' id='word_1_5' title='bbox 1285 301 1548 347; x_wconf 64' lang='lat' dir='ltr'>nasoon</span> 
     </span>
    </p>
   </div>
   <div class='ocr_carea' id='block_1_2' title="bbox 288 383 2142 3320">
    <p class='ocr_par' dir='ltr' id='par_1_2' title="bbox 307 383 2142 1006">
     <span class='ocr_line' id='line_1_2' title="bbox 308 383 2142 467; baseline -0.001 -19"><span class='ocrx_word' id='word_1_6' title='bbox 308 387 508 454; x_wconf 83' lang='lat' dir='ltr'>nubilo</span> <span class='ocrx_word' id='word_1_7' title='bbox 534 385 796 450; x_wconf 87' lang='lat' dir='ltr'>debemus</span> <span class='ocrx_word' id='word_1_8' title='bbox 822 383 1064 457; x_wconf 90' lang='lat' dir='ltr'>involvi,</span> <span class='ocrx_word' id='word_1_9' title='bbox 1099 397 1161 444; x_wconf 90' lang='lat' dir='ltr'>ut</span> <span class='ocrx_word' id='word_1_10' title='bbox 1180 397 1437 467; x_wconf 89' lang='lat' dir='ltr'>putemus</span> <span class='ocrx_word' id='word_1_11' title='bbox 1457 384 1655 445; x_wconf 86' lang='lat' dir='ltr'>faciem</span> <span class='ocrx_word' id='word_1_12' title='bbox 1682 383 1902 466; x_wconf 88' lang='lat' dir='ltr'>quidem</span> <span class='ocrx_word' id='word_1_13' title='bbox 1932 386 2045 446; x_wconf 85' lang='lat' dir='ltr'>Do·</span> <span class='ocrx_word' id='word_1_14' title='bbox 2140 385 2142 388; x_wconf 72' lang='grc'><strong>’</strong></span> 
     </span>
     <span class='ocr_line' id='line_1_3' title="bbox 307 467 2045 556; baseline -0.001 -19"><span class='ocrx_word' id='word_1_15' title='bbox 307 477 446 538; x_wconf 88' lang='lat' dir='ltr'>mini</span> <span class='ocrx_word' id='word_1_16' title='bbox 457 498 564 536; x_wconf 91' lang='lat' dir='ltr'>esse</span> <span class='ocrx_word' id='word_1_17' title='bbox 576 467 903 537; x_wconf 86' lang='lat' dir='ltr'>invisibilem</span> <span class='ocrx_word' id='word_1_18' title='bbox 914 520 928 546; x_wconf 94' lang='lat'>,</span> <span class='ocrx_word' id='word_1_19' title='bbox 946 472 1172 532; x_wconf 87' lang='lat' dir='ltr'>dorsum</span> <span class='ocrx_word' id='word_1_20' title='bbox 1187 495 1314 536; x_wconf 89' lang='lat' dir='ltr'>vero</span> <span class='ocrx_word' id='word_1_21' title='bbox 1329 474 1542 535; x_wconf 89' lang='lat' dir='ltr'>vis1bile</span> <span class='ocrx_word' id='word_1_22' title='bbox 1562 497 1575 534; x_wconf 90' lang='lat'><strong>:</strong></span> <span class='ocrx_word' id='word_1_23' title='bbox 1594 474 2045 556; x_wconf 85' lang='lat' dir='ltr'>quandoquidem</span> 
     </span>
     <span class='ocr_line' id='line_1_4' title="bbox 310 561 2045 644; baseline -0.002 -18"><span class='ocrx_word' id='word_1_24' title='bbox 310 567 371 628; x_wconf 91' lang='lat' dir='ltr'>in</span> <span class='ocrx_word' id='word_1_25' title='bbox 408 565 585 625; x_wconf 86' lang='lat' dir='ltr'>forma</span> <span class='ocrx_word' id='word_1_26' title='bbox 612 563 750 624; x_wconf 83' lang='lat' dir='ltr'>servi</span> <span class='ocrx_word' id='word_1_27' title='bbox 781 575 1078 642; x_wconf 86' lang='lat' dir='ltr'>utrumque</span> <span class='ocrx_word' id='word_1_28' title='bbox 1102 561 1388 622; x_wconf 85' lang='lat' dir='ltr'>visibiliter</span> <span class='ocrx_word' id='word_1_29' title='bbox 1406 565 1667 644; x_wconf 84' lang='lat' dir='ltr'>apparuit</span> <span class='ocrx_word' id='word_1_30' title='bbox 1689 563 1748 632; x_wconf 82' lang='grc'>1;</span> <span class='ocrx_word' id='word_1_31' title='bbox 1774 564 1828 623; x_wconf 90' lang='lat' dir='ltr'>in</span> <span class='ocrx_word' id='word_1_32' title='bbox 1868 563 2045 625; x_wconf 83' lang='lat' dir='ltr'>forma</span> 
     </span>
     <span class='ocr_line' id='line_1_5' title="bbox 315 649 2047 732; baseline -0.002 -18"><span class='ocrx_word' id='word_1_33' title='bbox 315 667 495 715; x_wconf 87' lang='lat' dir='ltr'>autem</span> <span class='ocrx_word' id='word_1_34' title='bbox 527 651 630 711; x_wconf 87' lang='lat' dir='ltr'>Dei</span> <span class='ocrx_word' id='word_1_35' title='bbox 672 650 817 710; x_wconf 89' lang='lat' dir='ltr'>absit</span> <span class='ocrx_word' id='word_1_36' title='bbox 845 663 906 712; x_wconf 93' lang='lat' dir='ltr'>ut</span> <span class='ocrx_word' id='word_1_37' title='bbox 942 650 1048 709; x_wconf 88' lang='lat' dir='ltr'>tale</span> <span class='ocrx_word' id='word_1_38' title='bbox 1083 649 1295 731; x_wconf 87' lang='lat' dir='ltr'>aliquid</span> <span class='ocrx_word' id='word_1_39' title='bbox 1323 653 1614 727; x_wconf 71' lang='lat' dir='ltr'>cogitetur,</span> <span class='ocrx_word' id='word_1_40' title='bbox 1647 653 1789 715; x_wconf 81' lang='lat' dir='ltr'>absit</span> <span class='ocrx_word' id='word_1_41' title='bbox 1821 667 1883 711; x_wconf 90' lang='lat' dir='ltr'>ut</span> <span class='ocrx_word' id='word_1_42' title='bbox 1906 654 2047 732; x_wconf 66' lang='lat' dir='ltr'>Yer-</span> 
     </span>
     <span class='ocr_line' id='line_1_6' title="bbox 309 740 2049 823; baseline -0.003 -18"><span class='ocrx_word' id='word_1_43' title='bbox 309 746 449 805; x_wconf 89' lang='lat' dir='ltr'>bum</span> <span class='ocrx_word' id='word_1_44' title='bbox 481 742 584 803; x_wconf 85' lang='lat' dir='ltr'>Dei</span> <span class='ocrx_word' id='word_1_45' title='bbox 603 755 658 804; x_wconf 89' lang='lat' dir='ltr'>et</span> <span class='ocrx_word' id='word_1_46' title='bbox 686 741 967 823; x_wconf 82' lang='lat' dir='ltr'>Sapientia</span> <span class='ocrx_word' id='word_1_47' title='bbox 987 740 1089 799; x_wconf 91' lang='lat' dir='ltr'>Dei</span> <span class='ocrx_word' id='word_1_48' title='bbox 1125 761 1186 799; x_wconf 82' lang='lat' dir='ltr'>ex</span> <span class='ocrx_word' id='word_1_49' title='bbox 1215 761 1325 801; x_wconf 90' lang='lat' dir='ltr'>una</span> <span class='ocrx_word' id='word_1_50' title='bbox 1346 754 1504 822; x_wconf 87' lang='lat' dir='ltr'>parte</span> <span class='ocrx_word' id='word_1_51' title='bbox 1524 741 1730 803; x_wconf 89' lang='lat' dir='ltr'>habeat</span> <span class='ocrx_word' id='word_1_52' title='bbox 1752 741 1975 814; x_wconf 84' lang='lat' dir='ltr'>faciem,</span> <span class='ocrx_word' id='word_1_53' title='bbox 1995 756 2049 801; x_wconf 84' lang='lat' dir='ltr'>et</span> 
     </span>
     <span class='ocr_line' id='line_1_7' title="bbox 309 831 2052 912; baseline -0.002 -16"><span class='ocrx_word' id='word_1_54' title='bbox 309 856 372 896; x_wconf 83' lang='lat' dir='ltr'>ex</span> <span class='ocrx_word' id='word_1_55' title='bbox 403 833 509 895; x_wconf 86' lang='lat' dir='ltr'>alia</span> <span class='ocrx_word' id='word_1_56' title='bbox 533 833 783 904; x_wconf 89' lang='lat' dir='ltr'>dorsum,</span> <span class='ocrx_word' id='word_1_57' title='bbox 809 831 952 891; x_wconf 88' lang='lat' dir='ltr'>sicut</span> <span class='ocrx_word' id='word_1_58' title='bbox 972 852 1176 912; x_wconf 90' lang='lat' dir='ltr'>corpus</span> <span class='ocrx_word' id='word_1_59' title='bbox 1200 831 1535 904; x_wconf 86' lang='lat' dir='ltr'>humanum,</span> <span class='ocrx_word' id='word_1_60' title='bbox 1573 845 1671 892; x_wconf 90' lang='lat' dir='ltr'>aut</span> <span class='ocrx_word' id='word_1_61' title='bbox 1691 833 1914 892; x_wconf 90' lang='lat' dir='ltr'>omnino</span> <span class='ocrx_word' id='word_1_62' title='bbox 1937 832 2052 892; x_wconf 88' lang='lat' dir='ltr'>ulla</span> 
     </span>
     <span class='ocr_line' id='line_1_8' title="bbox 309 921 1960 1006; baseline -0.002 -24"><span class='ocrx_word' id='word_1_63' title='bbox 309 924 489 1006; x_wconf 84' lang='lat' dir='ltr'>specie</span> <span class='ocrx_word' id='word_1_64' title='bbox 516 923 604 983; x_wconf 92' lang='lat' dir='ltr'>vel</span> <span class='ocrx_word' id='word_1_65' title='bbox 623 921 866 986; x_wconf 89' lang='lat' dir='ltr'>motione</span> <span class='ocrx_word' id='word_1_66' title='bbox 888 921 999 982; x_wconf 86' lang='lat' dir='ltr'>sive</span> <span class='ocrx_word' id='word_1_67' title='bbox 1028 921 1154 982; x_wconf 93' lang='lat' dir='ltr'>loco</span> <span class='ocrx_word' id='word_1_68' title='bbox 1176 921 1287 981; x_wconf 87' lang='lat' dir='ltr'>sive</span> <span class='ocrx_word' id='word_1_69' title='bbox 1306 935 1556 1003; x_wconf 88' lang='lat' dir='ltr'>tempore</span> <span class='ocrx_word' id='word_1_70' title='bbox 1573 936 1960 982; x_wconf 87' lang='lat' dir='ltr'>commutetur.</span> 
     </span>
    </p>

    <p class='ocr_par' dir='ltr' id='par_1_3' title="bbox 288 1009 2074 3054">
     <span class='ocr_line' id='line_1_9' title="bbox 393 1009 2053 1091; baseline -0.003 -18"><span class='ocrx_word' id='word_1_71' title='bbox 393 1013 632 1073; x_wconf 89' lang='lat' dir='ltr'><strong>XXXII.</strong></span> <span class='ocrx_word' id='word_1_72' title='bbox 664 1011 1020 1091; x_wconf 83' lang='lat' dir='ltr'>Quapropter</span> <span class='ocrx_word' id='word_1_73' title='bbox 1046 1009 1090 1068; x_wconf 90' lang='lat' dir='ltr'>si</span> <span class='ocrx_word' id='word_1_74' title='bbox 1114 1011 1172 1068; x_wconf 89' lang='lat' dir='ltr'>in</span> <span class='ocrx_word' id='word_1_75' title='bbox 1201 1009 1308 1069; x_wconf 91' lang='lat' dir='ltr'>illis</span> <span class='ocrx_word' id='word_1_76' title='bbox 1333 1012 1564 1071; x_wconf 90' lang='lat' dir='ltr'>vocibus</span> <span class='ocrx_word' id='word_1_77' title='bbox 1593 1033 1719 1091; x_wconf 80' lang='lat' dir='ltr'>quae</span> <span class='ocrx_word' id='word_1_78' title='bbox 1764 1012 1974 1071; x_wconf 89' lang='lat' dir='ltr'>fiebant</span> <span class='ocrx_word' id='word_1_79' title='bbox 1994 1009 2053 1069; x_wconf 92' lang='lat' dir='ltr'>in</span> 
     </span>
     <span class='ocr_line' id='line_1_10' title="bbox 313 1098 2054 1178; baseline -0.002 -17"><span class='ocrx_word' id='word_1_80' title='bbox 313 1101 525 1174; x_wconf 85' lang='lat' dir='ltr'>Exod0,</span> <span class='ocrx_word' id='word_1_81' title='bbox 552 1114 606 1159; x_wconf 92' lang='lat' dir='ltr'>et</span> <span class='ocrx_word' id='word_1_82' title='bbox 630 1100 738 1162; x_wconf 86' lang='lat' dir='ltr'>illis</span> <span class='ocrx_word' id='word_1_83' title='bbox 771 1099 1030 1162; x_wconf 83' lang='lat' dir='ltr'>omnihus</span> <span class='ocrx_word' id='word_1_84' title='bbox 1069 1098 1454 1178; x_wconf 79' lang='lat' dir='ltr'>corporalibus</span> <span class='ocrx_word' id='word_1_85' title='bbox 1493 1099 2054 1161; x_wconf 82' lang='lat' dir='ltr'>demonstrationibus</span> 
     </span>
     <span class='ocr_line' id='line_1_11' title="bbox 314 1186 2057 1260; baseline -0.002 -11"><span class='ocrx_word' id='word_1_86' title='bbox 314 1190 586 1260; x_wconf 82' lang='lat' dir='ltr'>Dominus</span> <span class='ocrx_word' id='word_1_87' title='bbox 615 1189 769 1249; x_wconf 85' lang='lat' dir='ltr'>Jesus</span> <span class='ocrx_word' id='word_1_88' title='bbox 799 1186 1053 1247; x_wconf 87' lang='lat' dir='ltr'>Christus</span> <span class='ocrx_word' id='word_1_89' title='bbox 1083 1186 1511 1249; x_wconf 79' lang='lat' dir='ltr'>ostendebatur:</span> <span class='ocrx_word' id='word_1_90' title='bbox 1548 1202 1643 1247; x_wconf 93' lang='lat' dir='ltr'>aut</span> <span class='ocrx_word' id='word_1_91' title='bbox 1692 1188 1824 1248; x_wconf 87' lang='lat' dir='ltr'>alias</span> <span class='ocrx_word' id='word_1_92' title='bbox 1857 1188 2057 1247; x_wconf 87' lang='lat' dir='ltr'>Chris-</span> 
     </span>
     <span class='ocr_line' id='line_1_12' title="bbox 313 1274 2058 1358; baseline -0.002 -19"><span class='ocrx_word' id='word_1_93' title='bbox 313 1293 426 1351; x_wconf 73' lang='grc' dir='ltr'>ωε,</span> <span class='ocrx_word' id='word_1_94' title='bbox 454 1278 597 1339; x_wconf 90' lang='lat' dir='ltr'>sicut</span> <span class='ocrx_word' id='word_1_95' title='bbox 615 1275 725 1338; x_wconf 90' lang='lat' dir='ltr'>loci</span> <span class='ocrx_word' id='word_1_96' title='bbox 744 1276 914 1352; x_wconf 75' lang='lat' dir='ltr'>huJus</span> <span class='ocrx_word' id='word_1_97' title='bbox 936 1274 1300 1337; x_wconf 85' lang='lat' dir='ltr'>consideratio</span> <span class='ocrx_word' id='word_1_98' title='bbox 1317 1276 1639 1357; x_wconf 83' lang='lat' dir='ltr'>persuadet;</span> <span class='ocrx_word' id='word_1_99' title='bbox 1663 1276 1792 1349; x_wconf 80' lang='lat' dir='ltr'>alias</span> <span class='ocrx_word' id='word_1_100' title='bbox 1819 1277 2058 1358; x_wconf 86' lang='lat' dir='ltr'>Spiritus</span> 
     </span>
     <span class='ocr_line' id='line_1_13' title="bbox 315 1365 2060 1446; baseline -0.001 -20"><span class='ocrx_word' id='word_1_101' title='bbox 315 1381 564 1440; x_wconf 79' lang='lat' dir='ltr'>sanctUS,</span> <span class='ocrx_word' id='word_1_102' title='bbox 597 1367 740 1428; x_wconf 88' lang='lat' dir='ltr'>sicut</span> <span class='ocrx_word' id='word_1_103' title='bbox 763 1387 826 1424; x_wconf 88' lang='lat' dir='ltr'>ea</span> <span class='ocrx_word' id='word_1_104' title='bbox 846 1385 973 1446; x_wconf 88' lang='lat' dir='ltr'>quae</span> <span class='ocrx_word' id='word_1_105' title='bbox 997 1385 1164 1446; x_wconf 90' lang='lat' dir='ltr'>supra</span> <span class='ocrx_word' id='word_1_106' title='bbox 1193 1365 1429 1427; x_wconf 85' lang='lat' dir='ltr'>diximus</span> <span class='ocrx_word' id='word_1_107' title='bbox 1450 1366 1748 1426; x_wconf 85' lang='lat' dir='ltr'>admonent</span> <span class='ocrx_word' id='word_1_108' title='bbox 1774 1389 1789 1425; x_wconf 72' lang='grc' dir='ltr'><strong>ε</strong></span> <span class='ocrx_word' id='word_1_109' title='bbox 1815 1389 1924 1426; x_wconf 92' lang='lat' dir='ltr'>non</span> <span class='ocrx_word' id='word_1_110' title='bbox 1948 1366 2060 1425; x_wconf 91' lang='lat' dir='ltr'>hoc</span> 
     </span>
     <span class='ocr_line' id='line_1_14' title="bbox 319 1456 2060 1538; baseline -0.001 -23"><span class='ocrx_word' id='word_1_111' title='bbox 319 1456 574 1529; x_wconf 86' lang='lat' dir='ltr'>efficitur,</span> <span class='ocrx_word' id='word_1_112' title='bbox 607 1469 670 1515; x_wconf 88' lang='lat' dir='ltr'>ut</span> <span class='ocrx_word' id='word_1_113' title='bbox 716 1456 862 1514; x_wconf 90' lang='lat' dir='ltr'>Deus</span> <span class='ocrx_word' id='word_1_114' title='bbox 891 1458 1055 1513; x_wconf 88' lang='lat' dir='ltr'>Pater</span> <span class='ocrx_word' id='word_1_115' title='bbox 1082 1476 1366 1536; x_wconf 86' lang='lat' dir='ltr'>nunquam</span> <span class='ocrx_word' id='word_1_116' title='bbox 1413 1456 1508 1515; x_wconf 89' lang='lat' dir='ltr'>tali</span> <span class='ocrx_word' id='word_1_117' title='bbox 1539 1457 1719 1538; x_wconf 86' lang='lat' dir='ltr'>aliqua</span> <span class='ocrx_word' id='word_1_118' title='bbox 1745 1457 1927 1537; x_wconf 87' lang='lat' dir='ltr'>specie</span> <span class='ocrx_word' id='word_1_119' title='bbox 1956 1459 2060 1514; x_wconf 81' lang='lat' dir='ltr'>Pa-</span> 
     </span>
     <span class='ocr_line' id='line_1_15' title="bbox 315 1545 2062 1612; baseline -0.002 -3"><span class='ocrx_word' id='word_1_120' title='bbox 315 1548 495 1611; x_wconf 88' lang='lat' dir='ltr'>tribus</span> <span class='ocrx_word' id='word_1_121' title='bbox 518 1547 666 1609; x_wconf 87' lang='lat' dir='ltr'>visus</span> <span class='ocrx_word' id='word_1_122' title='bbox 681 1547 780 1612; x_wconf 65' lang='lat' dir='ltr'>sit.</span> <span class='ocrx_word' id='word_1_123' title='bbox 813 1545 995 1604; x_wconf 87' lang='lat' dir='ltr'>Multa</span> <span class='ocrx_word' id='word_1_124' title='bbox 1015 1546 1161 1605; x_wconf 91' lang='lat' dir='ltr'>enim</span> <span class='ocrx_word' id='word_1_125' title='bbox 1183 1547 1316 1604; x_wconf 89' lang='lat' dir='ltr'>talia</span> <span class='ocrx_word' id='word_1_126' title='bbox 1341 1547 1455 1606; x_wconf 91' lang='lat' dir='ltr'>visa</span> <span class='ocrx_word' id='word_1_127' title='bbox 1479 1547 1624 1606; x_wconf 87' lang='lat' dir='ltr'>facta</span> <span class='ocrx_word' id='word_1_128' title='bbox 1642 1560 1770 1606; x_wconf 87' lang='lat' dir='ltr'>sunt</span> <span class='ocrx_word' id='word_1_129' title='bbox 1794 1546 1900 1606; x_wconf 90' lang='lat' dir='ltr'>illis</span> <span class='ocrx_word' id='word_1_130' title='bbox 1926 1559 2062 1605; x_wconf 90' lang='lat' dir='ltr'>tem-</span> 
     </span>
     <span class='ocr_line' id='line_1_16' title="bbox 314 1635 2062 1720; baseline -0.002 -23"><span class='ocrx_word' id='word_1_131' title='bbox 314 1638 572 1720; x_wconf 77' lang='lat' dir='ltr'>poribuS,</span> <span class='ocrx_word' id='word_1_132' title='bbox 619 1658 732 1696; x_wconf 89' lang='lat' dir='ltr'>non</span> <span class='ocrx_word' id='word_1_133' title='bbox 757 1635 1036 1696; x_wconf 90' lang='lat' dir='ltr'>evidenter</span> <span class='ocrx_word' id='word_1_134' title='bbox 1061 1637 1346 1695; x_wconf 83' lang='lat' dir='ltr'>nominato</span> <span class='ocrx_word' id='word_1_135' title='bbox 1370 1651 1424 1695; x_wconf 91' lang='lat' dir='ltr'>et</span> <span class='ocrx_word' id='word_1_136' title='bbox 1466 1637 1745 1714; x_wconf 88' lang='lat' dir='ltr'>designato</span> <span class='ocrx_word' id='word_1_137' title='bbox 1794 1637 1852 1696; x_wconf 92' lang='lat' dir='ltr'>in</span> <span class='ocrx_word' id='word_1_138' title='bbox 1879 1637 1955 1695; x_wconf 93' lang='lat' dir='ltr'>eis</span> <span class='ocrx_word' id='word_1_139' title='bbox 1975 1635 2062 1697; x_wconf 90' lang='lat' dir='ltr'>vel</span> 
     </span>
     <span class='ocr_line' id='line_1_17' title="bbox 313 1724 2063 1808; baseline -0.003 -20"><span class='ocrx_word' id='word_1_140' title='bbox 313 1730 501 1801; x_wconf 86' lang='lat' dir='ltr'>Patre,</span> <span class='ocrx_word' id='word_1_141' title='bbox 535 1727 624 1787; x_wconf 86' lang='lat' dir='ltr'>vel</span> <span class='ocrx_word' id='word_1_142' title='bbox 641 1726 802 1797; x_wconf 81' lang='lat' dir='ltr'>Filio,</span> <span class='ocrx_word' id='word_1_143' title='bbox 831 1724 919 1785; x_wconf 89' lang='lat' dir='ltr'>vel</span> <span class='ocrx_word' id='word_1_144' title='bbox 947 1725 1160 1806; x_wconf 88' lang='lat' dir='ltr'>Spiritu</span> <span class='ocrx_word' id='word_1_145' title='bbox 1187 1739 1412 1795; x_wconf 80' lang='lat' dir='ltr'>sanct03</span> <span class='ocrx_word' id='word_1_146' title='bbox 1442 1725 1535 1785; x_wconf 88' lang='lat' dir='ltr'>sed</span> <span class='ocrx_word' id='word_1_147' title='bbox 1563 1739 1743 1785; x_wconf 86' lang='lat' dir='ltr'>tamen</span> <span class='ocrx_word' id='word_1_148' title='bbox 1775 1747 1875 1808; x_wconf 87' lang='lat' dir='ltr'>per</span> <span class='ocrx_word' id='word_1_149' title='bbox 1895 1746 2063 1806; x_wconf 86' lang='lat' dir='ltr'>quas-</span> 
     </span>
     <span class='ocr_line' id='line_1_18' title="bbox 317 1814 2065 1896; baseline -0.002 -21"><span class='ocrx_word' id='word_1_150' title='bbox 317 1816 445 1877; x_wconf 85' lang='lat' dir='ltr'>dam</span> <span class='ocrx_word' id='word_1_151' title='bbox 478 1816 639 1877; x_wconf 85' lang='lat' dir='ltr'>valde</span> <span class='ocrx_word' id='word_1_152' title='bbox 689 1814 1010 1896; x_wconf 89' lang='lat' dir='ltr'>probabiles</span> <span class='ocrx_word' id='word_1_153' title='bbox 1059 1814 1480 1891; x_wconf 87' lang='lat' dir='ltr'>significationes</span> <span class='ocrx_word' id='word_1_154' title='bbox 1533 1815 1810 1874; x_wconf 91' lang='lat' dir='ltr'>nonnullis</span> <span class='ocrx_word' id='word_1_155' title='bbox 1844 1814 2065 1874; x_wconf 88' lang='lat' dir='ltr'>indiciis</span> 
     </span>
     <span class='ocr_line' id='line_1_19' title="bbox 315 1902 2064 1977; baseline -0.001 -12"><span class='ocrx_word' id='word_1_156' title='bbox 315 1905 690 1977; x_wconf 81' lang='lat' dir='ltr'>existentibus,</span> <span class='ocrx_word' id='word_1_157' title='bbox 736 1916 798 1962; x_wconf 92' lang='lat' dir='ltr'>ut</span> <span class='ocrx_word' id='word_1_158' title='bbox 824 1902 989 1961; x_wconf 90' lang='lat' dir='ltr'>nimis</span> <span class='ocrx_word' id='word_1_159' title='bbox 1024 1903 1374 1962; x_wconf 88' lang='lat' dir='ltr'>temerarium</span> <span class='ocrx_word' id='word_1_160' title='bbox 1417 1904 1486 1962; x_wconf 89' lang='lat' dir='ltr'>sit</span> <span class='ocrx_word' id='word_1_161' title='bbox 1512 1904 1694 1964; x_wconf 91' lang='lat' dir='ltr'>dicere</span> <span class='ocrx_word' id='word_1_162' title='bbox 1737 1907 1915 1964; x_wconf 91' lang='lat' dir='ltr'>Deum</span> <span class='ocrx_word' id='word_1_163' title='bbox 1950 1907 2064 1964; x_wconf 87' lang='lat' dir='ltr'>Pa-</span> 
     </span>
     <span class='ocr_line' id='line_1_20' title="bbox 317 1991 2065 2076; baseline -0.001 -22"><span class='ocrx_word' id='word_1_164' title='bbox 317 2008 458 2055; x_wconf 87' lang='lat' dir='ltr'>trem</span> <span class='ocrx_word' id='word_1_165' title='bbox 484 2013 772 2074; x_wconf 87' lang='lat' dir='ltr'>nunquam</span> <span class='ocrx_word' id='word_1_166' title='bbox 789 1991 1047 2051; x_wconf 90' lang='lat' dir='ltr'>Patribus</span> <span class='ocrx_word' id='word_1_167' title='bbox 1077 2005 1173 2050; x_wconf 88' lang='lat' dir='ltr'>aut</span> <span class='ocrx_word' id='word_1_168' title='bbox 1193 1993 1490 2073; x_wconf 84' lang='lat' dir='ltr'>Prophetis</span> <span class='ocrx_word' id='word_1_169' title='bbox 1508 2015 1608 2075; x_wconf 86' lang='lat' dir='ltr'>per</span> <span class='ocrx_word' id='word_1_170' title='bbox 1637 1993 1849 2076; x_wconf 87' lang='lat' dir='ltr'>aliquas</span> <span class='ocrx_word' id='word_1_171' title='bbox 1873 1994 2065 2059; x_wconf 86' lang='lat' dir='ltr'>visibi-</span> 
     </span>
     <span class='ocr_line' id='line_1_21' title="bbox 317 2081 2066 2166; baseline 0 -23"><span class='ocrx_word' id='word_1_172' title='bbox 317 2084 393 2144; x_wconf 89' lang='lat' dir='ltr'>les</span> <span class='ocrx_word' id='word_1_173' title='bbox 418 2082 621 2143; x_wconf 84' lang='lat' dir='ltr'>formas</span> <span class='ocrx_word' id='word_1_174' title='bbox 644 2081 978 2163; x_wconf 84' lang='lat' dir='ltr'>apparuisse.</span> <span class='ocrx_word' id='word_1_175' title='bbox 1009 2081 1172 2140; x_wconf 88' lang='lat' dir='ltr'>Hanc</span> <span class='ocrx_word' id='word_1_176' title='bbox 1202 2082 1348 2140; x_wconf 85' lang='lat' dir='ltr'>enim</span> <span class='ocrx_word' id='word_1_177' title='bbox 1381 2083 1697 2164; x_wconf 91' lang='lat' dir='ltr'>opinionem</span> <span class='ocrx_word' id='word_1_178' title='bbox 1722 2084 1803 2143; x_wconf 92' lang='lat' dir='ltr'>illi</span> <span class='ocrx_word' id='word_1_179' title='bbox 1831 2106 2066 2166; x_wconf 86' lang='lat' dir='ltr'>pepere-</span> 
     </span>
     <span class='ocr_line' id='line_1_22' title="bbox 314 2170 2067 2253; baseline 0 -21"><span class='ocrx_word' id='word_1_180' title='bbox 314 2187 448 2232; x_wconf 86' lang='lat' dir='ltr'>runt</span> <span class='ocrx_word' id='word_1_181' title='bbox 470 2171 567 2253; x_wconf 91' lang='lat' dir='ltr'>qui</span> <span class='ocrx_word' id='word_1_182' title='bbox 594 2192 707 2230; x_wconf 89' lang='lat' dir='ltr'>non</span> <span class='ocrx_word' id='word_1_183' title='bbox 740 2183 1046 2252; x_wconf 89' lang='lat' dir='ltr'>potuerunt</span> <span class='ocrx_word' id='word_1_184' title='bbox 1095 2170 1153 2228; x_wconf 89' lang='lat' dir='ltr'>in</span> <span class='ocrx_word' id='word_1_185' title='bbox 1202 2171 1414 2230; x_wconf 87' lang='lat' dir='ltr'>unitate</span> <span class='ocrx_word' id='word_1_186' title='bbox 1444 2173 1730 2232; x_wconf 87' lang='lat' dir='ltr'>Trinitatis</span> <span class='ocrx_word' id='word_1_187' title='bbox 1766 2170 2067 2250; x_wconf 89' lang='lat' dir='ltr'>intelligere</span> 
     </span>
     <span class='ocr_line' id='line_1_23' title="bbox 321 2258 2063 2344; baseline -0.001 -22"><span class='ocrx_word' id='word_1_188' title='bbox 321 2261 471 2344; x_wconf 90' lang='lat' dir='ltr'>quod</span> <span class='ocrx_word' id='word_1_189' title='bbox 503 2261 715 2321; x_wconf 89' lang='lat' dir='ltr'>dictum</span> <span class='ocrx_word' id='word_1_190' title='bbox 741 2273 825 2318; x_wconf 90' lang='lat' dir='ltr'>est</span> <span class='ocrx_word' id='word_1_191' title='bbox 854 2281 869 2317; x_wconf 71' lang='grc' dir='ltr'><strong>ε</strong></span> <span class='ocrx_word' id='word_1_192' title='bbox 909 2285 937 2312; x_wconf 78' lang='grc' dir='ltr'>α</span> <span class='ocrx_word' id='word_1_193' title='bbox 960 2258 1099 2336; x_wconf 86' lang='lat' dir='ltr'>Regi</span> <span class='ocrx_word' id='word_1_194' title='bbox 1128 2271 1311 2318; x_wconf 87' lang='lat' dir='ltr'>autem</span> <span class='ocrx_word' id='word_1_195' title='bbox 1361 2260 1692 2320; x_wconf 75' lang='lat' dir='ltr'>saeculorum</span> <span class='ocrx_word' id='word_1_196' title='bbox 1721 2261 2022 2321; x_wconf 86' lang='lat' dir='ltr'>immortali</span> <span class='ocrx_word' id='word_1_197' title='bbox 2048 2308 2063 2331; x_wconf 90' lang='lat'><strong>,</strong></span> 
     </span>
     <span class='ocr_line' id='line_1_24' title="bbox 324 2349 2064 2424; baseline 0.001 -17"><span class='ocrx_word' id='word_1_198' title='bbox 324 2380 352 2407; x_wconf 84' lang='grc'>»</span> <span class='ocrx_word' id='word_1_199' title='bbox 376 2349 640 2413; x_wconf 88' lang='lat' dir='ltr'>invisibili</span> <span class='ocrx_word' id='word_1_200' title='bbox 656 2349 756 2409; x_wconf 85' lang='lat' dir='ltr'>soli</span> <span class='ocrx_word' id='word_1_201' title='bbox 780 2350 895 2407; x_wconf 92' lang='lat' dir='ltr'>Deo</span> <span class='ocrx_word' id='word_1_202' title='bbox 912 2349 970 2418; x_wconf 81' lang='grc'>2;</span> <span class='ocrx_word' id='word_1_203' title='bbox 999 2376 1025 2404; x_wconf 84' lang='lat'>›&gt;</span> <span class='ocrx_word' id='word_1_204' title='bbox 1043 2362 1126 2421; x_wconf 74' lang='lat' dir='ltr'>et,</span> <span class='ocrx_word' id='word_1_205' title='bbox 1152 2376 1178 2403; x_wconf 79' lang='grc' dir='ltr'>α</span> <span class='ocrx_word' id='word_1_206' title='bbox 1203 2351 1383 2421; x_wconf 86' lang='lat' dir='ltr'>Quem</span> <span class='ocrx_word' id='word_1_207' title='bbox 1406 2372 1567 2409; x_wconf 90' lang='lat' dir='ltr'>nemo</span> <span class='ocrx_word' id='word_1_208' title='bbox 1589 2351 1878 2410; x_wconf 89' lang='lat' dir='ltr'>hominum</span> <span class='ocrx_word' id='word_1_209' title='bbox 1901 2350 2064 2424; x_wconf 87' lang='lat' dir='ltr'>vidit,</span> 
     </span>
     <span class='ocr_line' id='line_1_25' title="bbox 324 2438 2070 2522; baseline 0.002 -25"><span class='ocrx_word' id='word_1_210' title='bbox 324 2469 354 2498; x_wconf 88' lang='lat'><strong><em>»</em></strong></span> <span class='ocrx_word' id='word_1_211' title='bbox 376 2463 479 2502; x_wconf 87' lang='lat' dir='ltr'>nec</span> <span class='ocrx_word' id='word_1_212' title='bbox 500 2439 686 2500; x_wconf 90' lang='lat' dir='ltr'>videre</span> <span class='ocrx_word' id='word_1_213' title='bbox 727 2452 911 2521; x_wconf 88' lang='lat' dir='ltr'>potest</span> <span class='ocrx_word' id='word_1_214' title='bbox 927 2438 970 2499; x_wconf 75' lang='lat'>³.</span> <span class='ocrx_word' id='word_1_215' title='bbox 1005 2466 1031 2493; x_wconf 70' lang='lat'>&gt;³</span> <span class='ocrx_word' id='word_1_216' title='bbox 1055 2439 1223 2512; x_wconf 88' lang='lat' dir='ltr'>Quod</span> <span class='ocrx_word' id='word_1_217' title='bbox 1255 2439 1322 2498; x_wconf 89' lang='lat' dir='ltr'>de</span> <span class='ocrx_word' id='word_1_218' title='bbox 1351 2441 1471 2522; x_wconf 90' lang='lat' dir='ltr'>ipsa</span> <span class='ocrx_word' id='word_1_219' title='bbox 1517 2441 1822 2500; x_wconf 83' lang='lat' dir='ltr'>substantia</span> <span class='ocrx_word' id='word_1_220' title='bbox 1854 2463 2070 2500; x_wconf 88' lang='lat' dir='ltr'>summa</span> 
     </span>
     <span class='ocr_line' id='line_1_26' title="bbox 288 2529 2068 2612; baseline -0.002 -20"><span class='ocrx_word' id='word_1_221' title='bbox 288 2529 292 2531; x_wconf 37' lang='lat'>⁵</span> <span class='ocrx_word' id='word_1_222' title='bbox 323 2551 642 2612; x_wconf 91' lang='lat' dir='ltr'>summeque</span> <span class='ocrx_word' id='word_1_223' title='bbox 671 2529 861 2589; x_wconf 87' lang='lat' dir='ltr'>divina</span> <span class='ocrx_word' id='word_1_224' title='bbox 888 2542 942 2587; x_wconf 89' lang='lat' dir='ltr'>et</span> <span class='ocrx_word' id='word_1_225' title='bbox 970 2529 1449 2602; x_wconf 83' lang='lat' dir='ltr'>incommutabili,</span> <span class='ocrx_word' id='word_1_226' title='bbox 1484 2530 1584 2588; x_wconf 85' lang='lat' dir='ltr'>ubi</span> <span class='ocrx_word' id='word_1_227' title='bbox 1613 2543 1668 2588; x_wconf 88' lang='lat' dir='ltr'>et</span> <span class='ocrx_word' id='word_1_228' title='bbox 1699 2530 1862 2588; x_wconf 85' lang='lat' dir='ltr'>Pater</span> <span class='ocrx_word' id='word_1_229' title='bbox 1889 2543 1941 2588; x_wconf 88' lang='lat' dir='ltr'>et</span> <span class='ocrx_word' id='word_1_230' title='bbox 1971 2530 2068 2588; x_wconf 81' lang='lat' dir='ltr'>Fi·-</span> 
     </span>
     <span class='ocr_line' id='line_1_27' title="bbox 322 2618 2070 2700; baseline -0.002 -20"><span class='ocrx_word' id='word_1_231' title='bbox 322 2620 430 2680; x_wconf 87' lang='lat' dir='ltr'>lius</span> <span class='ocrx_word' id='word_1_232' title='bbox 449 2633 504 2679; x_wconf 86' lang='lat' dir='ltr'>et</span> <span class='ocrx_word' id='word_1_233' title='bbox 532 2618 770 2700; x_wconf 90' lang='lat' dir='ltr'>Spiritus</span> <span class='ocrx_word' id='word_1_234' title='bbox 803 2631 1023 2676; x_wconf 86' lang='lat' dir='ltr'>sanctus</span> <span class='ocrx_word' id='word_1_235' title='bbox 1044 2639 1185 2677; x_wconf 89' lang='lat' dir='ltr'>unus</span> <span class='ocrx_word' id='word_1_236' title='bbox 1213 2632 1267 2676; x_wconf 88' lang='lat' dir='ltr'>et</span> <span class='ocrx_word' id='word_1_237' title='bbox 1289 2619 1436 2677; x_wconf 91' lang='lat' dir='ltr'>solus</span> <span class='ocrx_word' id='word_1_238' title='bbox 1461 2621 1607 2677; x_wconf 90' lang='lat' dir='ltr'>Deus</span> <span class='ocrx_word' id='word_1_239' title='bbox 1632 2631 1733 2689; x_wconf 81' lang='lat' dir='ltr'>est,</span> <span class='ocrx_word' id='word_1_240' title='bbox 1762 2640 1862 2699; x_wconf 91' lang='lat' dir='ltr'>per</span> <span class='ocrx_word' id='word_1_241' title='bbox 1884 2640 2070 2677; x_wconf 89' lang='lat' dir='ltr'>sanam</span> 
     </span>
     <span class='ocr_line' id='line_1_28' title="bbox 329 2706 2074 2788; baseline -0.002 -18"><span class='ocrx_word' id='word_1_242' title='bbox 329 2709 496 2770; x_wconf 88' lang='lat' dir='ltr'>fidem</span> <span class='ocrx_word' id='word_1_243' title='bbox 525 2706 863 2784; x_wconf 83' lang='lat' dir='ltr'>intelligitur.</span> <span class='ocrx_word' id='word_1_244' title='bbox 898 2707 1141 2767; x_wconf 86' lang='lat' dir='ltr'>Visiones</span> <span class='ocrx_word' id='word_1_245' title='bbox 1163 2723 1343 2767; x_wconf 87' lang='lat' dir='ltr'>autem</span> <span class='ocrx_word' id='word_1_246' title='bbox 1365 2707 1454 2766; x_wconf 90' lang='lat' dir='ltr'>ille</span> <span class='ocrx_word' id='word_1_247' title='bbox 1473 2729 1573 2788; x_wconf 85' lang='lat' dir='ltr'>per</span> <span class='ocrx_word' id='word_1_248' title='bbox 1594 2721 1899 2767; x_wconf 84' lang='lat' dir='ltr'>creaturam</span> <span class='ocrx_word' id='word_1_249' title='bbox 1926 2729 2074 2767; x_wconf 89' lang='lat' dir='ltr'>com-</span> 
     </span>
     <span class='ocr_line' id='line_1_29' title="bbox 327 2796 2072 2880; baseline 0 -24"><span class='ocrx_word' id='word_1_250' title='bbox 327 2797 654 2880; x_wconf 68' lang='lat' dir='ltr'>mutabilem</span> <span class='ocrx_word' id='word_1_251' title='bbox 679 2798 796 2854; x_wconf 91' lang='lat' dir='ltr'>Deo</span> <span class='ocrx_word' id='word_1_252' title='bbox 828 2796 1274 2856; x_wconf 87' lang='lat' dir='ltr'>incommutabili</span> <span class='ocrx_word' id='word_1_253' title='bbox 1294 2796 1573 2855; x_wconf 87' lang='lat' dir='ltr'>subditam</span> <span class='ocrx_word' id='word_1_254' title='bbox 1603 2796 1765 2855; x_wconf 83' lang='lat' dir='ltr'>factae</span> <span class='ocrx_word' id='word_1_255' title='bbox 1789 2813 1937 2870; x_wconf 87' lang='lat' dir='ltr'>sunt,</span> <span class='ocrx_word' id='word_1_256' title='bbox 1961 2820 2072 2856; x_wconf 88' lang='lat' dir='ltr'>non</span> 
     </span>
     <span class='ocr_line' id='line_1_30' title="bbox 331 2883 2073 2966; baseline 0.001 -23"><span class='ocrx_word' id='word_1_257' title='bbox 331 2885 558 2966; x_wconf 88' lang='lat' dir='ltr'>proprie</span> <span class='ocrx_word' id='word_1_258' title='bbox 579 2884 739 2943; x_wconf 90' lang='lat' dir='ltr'>sicuti</span> <span class='ocrx_word' id='word_1_259' title='bbox 758 2897 858 2957; x_wconf 86' lang='lat' dir='ltr'>est,</span> <span class='ocrx_word' id='word_1_260' title='bbox 885 2883 978 2943; x_wconf 89' lang='lat' dir='ltr'>sed</span> <span class='ocrx_word' id='word_1_261' title='bbox 1002 2885 1360 2961; x_wconf 83' lang='lat' dir='ltr'>significative</span> <span class='ocrx_word' id='word_1_262' title='bbox 1385 2885 1527 2943; x_wconf 85' lang='lat' dir='ltr'>sicut</span> <span class='ocrx_word' id='word_1_263' title='bbox 1558 2907 1662 2966; x_wconf 91' lang='lat' dir='ltr'>pro</span> <span class='ocrx_word' id='word_1_264' title='bbox 1691 2908 1874 2946; x_wconf 85' lang='lat' dir='ltr'>rerum</span> <span class='ocrx_word' id='word_1_265' title='bbox 1897 2887 2073 2946; x_wconf 83' lang='lat' dir='ltr'>causis</span> 
     </span>
     <span class='ocr_line' id='line_1_31' title="bbox 328 2973 1656 3054; baseline 0.001 -21"><span class='ocrx_word' id='word_1_266' title='bbox 328 2989 383 3035; x_wconf 90' lang='lat' dir='ltr'>et</span> <span class='ocrx_word' id='word_1_267' title='bbox 413 2974 758 3053; x_wconf 88' lang='lat' dir='ltr'>temporibus</span> <span class='ocrx_word' id='word_1_268' title='bbox 785 2974 1056 3054; x_wconf 89' lang='lat' dir='ltr'>oportuit,</span> <span class='ocrx_word' id='word_1_269' title='bbox 1083 2973 1426 3032; x_wconf 89' lang='lat' dir='ltr'>ostendentes</span> <span class='ocrx_word' id='word_1_270' title='bbox 1461 2975 1656 3034; x_wconf 86' lang='lat' dir='ltr'>Deum.</span> 
     </span>
    </p>

    <p class='ocr_par' dir='ltr' id='par_1_4' title="bbox 330 3062 2076 3236">
     <span class='ocr_line' id='line_1_32' title="bbox 414 3062 2076 3145; baseline -0.001 -21"><span class='ocrx_word' id='word_1_271' title='bbox 414 3063 683 3124; x_wconf 81' lang='lat' dir='ltr'><strong>XXXIII.</strong></span> <span class='ocrx_word' id='word_1_272' title='bbox 715 3063 1050 3143; x_wconf 80' lang='lat' dir='ltr'>Quanquam</span> <span class='ocrx_word' id='word_1_273' title='bbox 1078 3062 1258 3121; x_wconf 85' lang='lat' dir='ltr'>nescio</span> <span class='ocrx_word' id='word_1_274' title='bbox 1273 3063 1742 3145; x_wconf 87' lang='lat' dir='ltr'>quemadmodum</span> <span class='ocrx_word' id='word_1_275' title='bbox 1765 3063 1852 3123; x_wconf 91' lang='lat' dir='ltr'>isti</span> <span class='ocrx_word' id='word_1_276' title='bbox 1877 3062 2076 3123; x_wconf 89' lang='lat' dir='ltr'>intelli-</span> 
     </span>
     <span class='ocr_line' id='line_1_33' title="bbox 330 3150 2073 3236; baseline -0.001 -21"><span class='ocrx_word' id='word_1_277' title='bbox 330 3166 462 3234; x_wconf 87' lang='lat' dir='ltr'>gant</span> <span class='ocrx_word' id='word_1_278' title='bbox 487 3151 641 3236; x_wconf 89' lang='lat' dir='ltr'>quod</span> <span class='ocrx_word' id='word_1_279' title='bbox 670 3150 883 3218; x_wconf 86' lang='lat' dir='ltr'>Danieli</span> <span class='ocrx_word' id='word_1_280' title='bbox 927 3153 1248 3234; x_wconf 87' lang='lat' dir='ltr'>apparuerit</span> <span class='ocrx_word' id='word_1_281' title='bbox 1295 3154 1570 3236; x_wconf 90' lang='lat' dir='ltr'>Antiquus</span> <span class='ocrx_word' id='word_1_282' title='bbox 1611 3153 1858 3227; x_wconf 86' lang='lat' dir='ltr'>dierum,</span> <span class='ocrx_word' id='word_1_283' title='bbox 1894 3175 1927 3215; x_wconf 88' lang='lat' dir='ltr'>a</span> <span class='ocrx_word' id='word_1_284' title='bbox 1959 3174 2073 3236; x_wconf 92' lang='lat' dir='ltr'>quo</span> 
     </span>
    </p>

    <p class='ocr_par' dir='ltr' id='par_1_5' title="bbox 387 3253 1655 3320">
     <span class='ocr_line' id='line_1_34' title="bbox 387 3253 1655 3320; baseline -0.002 -19"><span class='ocrx_word' id='word_1_285' title='bbox 387 3260 402 3290; x_wconf 82' lang='lat'><em>¹</em></span> <span class='ocrx_word' id='word_1_286' title='bbox 430 3257 578 3314; x_wconf 83' lang='lat' dir='ltr'>Philip.</span> <span class='ocrx_word' id='word_1_287' title='bbox 595 3270 722 3320; x_wconf 52' lang='lat' dir='ltr'>xgvu.</span> <span class='ocrx_word' id='word_1_288' title='bbox 744 3277 802 3287; x_wconf 90' lang='lat'>—</span> <span class='ocrx_word' id='word_1_289' title='bbox 825 3253 846 3284; x_wconf 86' lang='lat'><em>2</em></span> <span class='ocrx_word' id='word_1_290' title='bbox 873 3270 891 3297; x_wconf 83' lang='lat'>1</span> <span class='ocrx_word' id='word_1_291' title='bbox 915 3255 1023 3301; x_wconf 73' lang='lat' dir='ltr'>Tim.</span> <span class='ocrx_word' id='word_1_292' title='bbox 1051 3272 1087 3310; x_wconf 82' lang='grc' dir='ltr'>ι,</span> <span class='ocrx_word' id='word_1_293' title='bbox 1114 3272 1184 3311; x_wconf 83' lang='lat'>¹7-</span> <span class='ocrx_word' id='word_1_294' title='bbox 1208 3281 1263 3292; x_wconf 91' lang='lat'><em>-</em></span> <span class='ocrx_word' id='word_1_295' title='bbox 1284 3255 1303 3291; x_wconf 75' lang='lat'>³</span> <span class='ocrx_word' id='word_1_296' title='bbox 1329 3274 1345 3301; x_wconf 83' lang='lat' dir='ltr'>x</span> <span class='ocrx_word' id='word_1_297' title='bbox 1367 3258 1474 3302; x_wconf 76' lang='lat' dir='ltr'>Tim.</span> <span class='ocrx_word' id='word_1_298' title='bbox 1494 3274 1556 3315; x_wconf 72' lang='lat' dir='ltr'>vx,</span> <span class='ocrx_word' id='word_1_299' title='bbox 1585 3261 1655 3304; x_wconf 74' lang='lat' dir='ltr'>xe.</span> 
     </span>
    </p>
   </div>
  </div>
 </body>
</html>
