2144 3808
590 338 660 378 nn
701 337 1022 390 ΤΜΝῙΤΑΤΕ,
1068 338 1178 379 mn.
1229 339 1357 379 xm.
1709 308 1824 381 505

107 433 196 479 tur
224 433 286 478 ut
305 421 663 496 corrigantur.
710 422 781 479 At
802 420 845 478 si
867 419 1084 478 dixisset
1108 444 1121 478 τ
1154 422 1358 480 Omnes
1384 422 1532 480 beati
1556 443 1667 480 esse
1694 422 1822 482 vui-

107 510 172 567 tis
191 554 204 579 ‚
242 509 420 566 miseri
455 529 563 565 esse
590 530 700 566 non
720 508 886 567 vultis
909 554 923 579 ‚
956 507 1170 567 dixisset
1200 508 1414 589 aliquid
1453 509 1603 590 quod
1643 509 1824 568 nullus

104 597 160 654 in
197 618 293 654 sua
325 611 431 654 non
471 610 780 671 agnosceret
825 595 1122 656 voluntate.
1174 597 1464 676 Quidquid
1497 598 1639 655 enim
1672 598 1819 656 aliud

103 685 391 764 quisquam
414 684 642 741 latenter
670 684 801 741 velit
820 730 834 754 ‚
864 684 933 741 ab
962 682 1066 741 hac
1100 684 1381 742 voluntate
1407 705 1532 764 quae
1565 686 1822 743 omnibus

103 772 234 829 etin
261 772 515 829 omnibus
545 772 865 830 hominibus
886 773 1010 829 satis
1041 785 1168 828 nota
1191 786 1300 842 est,
1329 794 1439 829 non
1461 772 1683 831 recedit.

186 859 309 917 Vll.
341 859 542 916 Mirum
557 872 636 915 est
655 872 832 915 autem
848 879 974 921 cum
995 860 1337 938 capessendae
1360 873 1522 939 atque
1535 860 1827 918 retinendae

102 946 455 1004 beatitudinis
488 944 739 1003 voluntas
772 967 879 1003 una
907 945 975 1002 sit
997 947 1274 1017 omnium,
1308 946 1452 1003 unde
1475 960 1622 1004 tanta
1644 949 1828 1006 existat

103 1033 170 1090 de
194 1034 309 1113 ipsa
333 1034 673 1091 heatitudine
697 1055 880 1091 rursus
901 1035 1125 1092 varietas
1147 1048 1305 1114 atque
1327 1035 1606 1094 diversitas
1629 1036 1831 1093 volun-

104 1135 274 1179 tatum
300 1145 313 1178 :
349 1144 459 1179 non
487 1122 638 1203 quod
670 1122 862 1202 aliquis
893 1144 1010 1180 eam
1034 1123 1202 1194 nolit3
1225 1123 1316 1180 sed
1341 1123 1490 1203 quod
1515 1145 1623 1181 non
1649 1146 1832 1182 omnes

103 1231 217 1267 eain
249 1211 453 1269 norint.
494 1211 548 1267 Si
574 1212 716 1267 enim
743 1231 928 1267 omnes
949 1231 1067 1268 eam
1091 1224 1306 1269 nossent
1327 1257 1342 1281 ,
1366 1233 1477 1269 non
1500 1212 1569 1269 ab
1591 1211 1705 1268 ahis
1723 1232 1832 1290 pu-

103 1310 309 1355 taretur
330 1319 438 1355 esse
460 1298 517 1355 in
549 1298 752 1356 virtute
777 1298 941 1355 animi
964 1344 978 1366 ‚
1019 1298 1135 1356 aliis
1162 1299 1214 1356 in
1239 1299 1484 1378 corporis
1510 1298 1791 1378 voluptate
1813 1345 1827 1370 ‚

104 1386 221 1444 aliis
251 1386 308 1444 in
347 1399 611 1467 utraque,
640 1399 694 1443 et
725 1386 840 1444 aliis
873 1400 1031 1467 atque
1069 1386 1187 1444 aliis
1215 1387 1347 1445 alibi
1378 1402 1539 1468 atque
1567 1387 1722 1446 alibi.‡
1760 1388 1833 1444 Ut

102 1475 246 1531 enim
272 1495 361 1531 eos
387 1495 622 1555 quaeque
651 1495 733 1532 res
753 1475 983 1532 maxime
1015 1474 1304 1533 delectavit
1327 1521 1342 1547 ‚
1369 1475 1446 1533 ita
1465 1475 1523 1532 in
1546 1496 1604 1532 ea
1624 1475 1835 1532 consti-

103 1562 507 1620 tueruntvitam
518 1562 754 1622 beatam.
775 1562 1641 1638 Quomodoigiturferventissime
1653 1577 1837 1620 amant

104 1670 288 1707 omnes
310 1695 322 1719 ,
353 1649 506 1730 quod
531 1671 641 1708 non
664 1671 850 1707 omnes
878 1653 1090 1708 sciunt?
1123 1651 1259 1721 Quis
1290 1664 1469 1731 potest
1487 1671 1667 1708 amare
1684 1650 1836 1730 quod

102 1737 314 1795 nescit?
346 1738 486 1794 sicut
509 1741 622 1813 jam
654 1737 722 1794 de
751 1737 859 1795 hac
888 1748 944 1795 re
972 1739 1031 1795 in
1056 1738 1211 1796 libris
1238 1738 1610 1818 superioribus
1640 1739 1837 1818 dispu-

105 1827 212 1883 tavi
229 1825 272 1885 1.
309 1827 422 1883 Cur
444 1847 570 1900 ergo
596 1826 879 1883 beatitudo
897 1840 1112 1884 amatur
1133 1827 1203 1884 ab
1221 1827 1478 1884 omnibus
1496 1872 1510 1897 ‚
1537 1848 1637 1884 nec
1660 1840 1840 1886 tamen

105 1915 274 1972 scitur
299 1914 370 1972 ab
390 1914 692 1972 omnibus?
720 1918 803 1971 An
830 1914 970 1972 forte
999 1916 1179 1972 sciunt
1216 1935 1400 1971 omnes
1433 1915 1550 1994 ipsa
1576 1935 1702 1994 quae
1731 1915 1832 1988 sit,

104 2002 194 2060 sed
224 2024 335 2061 non
361 2024 548 2060 omnes
563 2003 742 2059 sciunt
759 2003 858 2060 ubi
877 2005 947 2060 sit
962 2050 976 2068 ,
1002 2016 1054 2060 et
1075 2002 1204 2060 inde
1225 2002 1503 2059 contentio
1524 2007 1640 2060 est'?
1669 2002 1840 2073 Quasi

103 2113 230 2148 vero
253 2091 319 2148 de
341 2090 522 2169 aliquo
549 2090 743 2148 mundi
763 2090 932 2166 hujus
955 2105 1146 2166 agatur
1165 2091 1287 2147 loco
1309 2136 1323 2161 ‚
1350 2091 1446 2147 ubi
1468 2090 1666 2147 debeat
1682 2091 1837 2169 quis-

104 2200 210 2259 que
238 2178 374 2236 velle
399 2180 577 2237 vivere
596 2224 611 2249 ‚
644 2178 882 2256 quivult
911 2180 1067 2236 beate
1098 2179 1307 2247 vivere,
1341 2198 1404 2234 ac
1441 2198 1551 2234 non
1583 2178 1656 2234 ita
1678 2198 1838 2257 quae-

104 2281 257 2326 ratur
294 2267 389 2324 ubi
435 2268 503 2323 sit
538 2265 823 2322 beatitudo
846 2311 860 2336 ‚
910 2267 1052 2323 sicut
1086 2264 1351 2344 quaeritur
1387 2284 1516 2343 quae
1554 2265 1655 2322 sit?
1698 2265 1836 2322 Nam

105 2357 293 2436 utique
324 2355 366 2411 si
398 2356 455 2411 in
486 2354 730 2434 corporis
769 2353 1053 2434 voluptate
1094 2367 1208 2424 est,
1255 2351 1346 2410 ille
1390 2352 1580 2410 beatus
1622 2366 1700 2410 est
1741 2354 1835 2432 qui

103 2443 304 2501 fruitur
333 2442 578 2521 corporis
601 2441 924 2520 voluptate:
975 2443 1016 2499 si
1056 2442 1111 2499 in
1145 2441 1348 2499 virtute
1381 2439 1582 2510 animi,
1616 2440 1706 2498 ille
1742 2441 1838 2520 qui

105 2532 211 2590 hac
235 2531 472 2589 fruitur:
506 2531 549 2587 si
577 2530 632 2587 in
668 2543 900 2608 utraque
920 2576 934 2600 ‚
959 2530 1050 2587 ille
1075 2531 1171 2609 qui
1190 2528 1394 2585 fruitur
1415 2540 1663 2607 utraque.
1696 2529 1838 2586 Cum

103 2622 288 2700 itaque
333 2619 467 2677 alius
509 2618 684 2691 dicit,
726 2619 882 2676 beate
924 2618 1106 2676 vivere
1152 2630 1231 2675 est
1267 2615 1551 2694 voluptate
1593 2618 1842 2696 corporis

103 2707 250 2776 frui;
292 2706 426 2764 alius
456 2720 671 2778 autem,
713 2707 868 2764 beate
909 2707 1089 2764 vivere
1127 2717 1204 2763 est
1237 2704 1438 2762 virtute
1480 2703 1645 2760 animi
1686 2702 1832 2761 frui:

106 2816 285 2853 nonne
317 2807 409 2851 aut
439 2795 601 2851 ambo
629 2795 881 2851 nesciunt
925 2815 1052 2873 quae
1092 2794 1159 2850 sit
1198 2793 1357 2849 beata
1399 2790 1507 2848 vita
1531 2837 1544 2860 ,
1592 2805 1686 2848 aut
1729 2813 1839 2850 non

109 2883 270 2954 ambo
304 2881 526 2938 sciunt?
553 2882 850 2951 Quomodo
876 2903 1003 2956 ergo
1031 2881 1196 2938 ambo
1219 2890 1404 2936 amant
1424 2899 1544 2935 eam
1563 2925 1576 2950 ‚
1611 2880 1654 2936 si
1682 2901 1842 2938 nemo
1870 2877 1875 2882 ’

107 2981 286 3050 potest
314 2990 491 3025 amare
523 2969 674 3046 quod
705 2970 917 3027 nescit?
954 2972 1038 3026 An
1066 2967 1206 3025 forte
1238 2966 1433 3024 falsum
1458 2978 1534 3023 est
1562 2970 1711 3046 quod
1742 2988 1843 3048 pro

107 3057 385 3115 verissimo
427 3056 834 3134 ce1·tissimoque
875 3056 1191 3135 posuimUS‚
1246 3054 1404 3111 beate
1444 3053 1621 3112 vivere
1662 3076 1846 3113 omnes

108 3145 359 3204 homines
392 3143 559 3203 Vellei>
587 3144 643 3200 si
667 3145 808 3201 enim
839 3144 995 3202 beate
1017 3145 1197 3204 vivere
1217 3154 1323 3212 est,
1361 3141 1517 3201 verbi
1539 3144 1707 3216 gratia
1731 3189 1745 3211 ‚
1770 3165 1847 3200 se-

173 3253 184 3279 ¹
210 3252 299 3291 Lib.
319 3264 411 3300 viu,
435 3263 467 3289 c.
493 3257 533 3298 4,
555 3256 594 3288 et
614 3263 740 3303 seqq„
766 3257 806 3290 et
822 3249 895 3293 lib.
919 3264 960 3300 x,
976 3263 1011 3292 c.
1035 3263 1074 3292 1.
