2144 3808
327 327 445 393 290
858 328 922 368 ss·
957 326 1273 368 Anausrmr
1304 327 1586 369 arlacum-

326 411 483 492 agni²
508 432 528 470 ε
547 409 701 471 hine
733 407 829 469 illa
859 409 1046 469 omnia
1067 409 1286 490 quae-de
1312 409 1540 471 Christo
1565 426 1797 472 venturo
1819 414 1879 474 in
1901 426 2074 474 carne

325 500 492 584 atqu‘e.
523 508 753 582 passuro
775 543 791 571 ‚
834 498 930 557 sed
967 511 1021 556 et
1062 513 1436 560 resurrecturo
1479 502 1537 561 in
1566 501 1682 580 lege
1722 504 2061 580 figurantur,

325 611 454 674 quae
476 589 706 651 dataest
719 587 778 646 in
794 585 991 657 edictis¹
1014 587 1373 664 Angelorumg
1396 589 1457 648 in
1479 591 1689 672 quibus
1712 592 1933 670 Angelis
1953 607 2068 652 erat

323 680 518 761 utique
537 691 592 736 et
615 681 806 747 Pater,
839 686 895 732 et
923 675 1120 747 Filius,
1165 689 1222 733 et
1258 676 1498 758 Spiritus
1534 681 1829 749 sanctus23
1867 694 1922 739 et
1961 682 2068 740 ali-

325 766 552 850 quando
570 767 763 837 Pater,
785 762 1085 848 aliquando
1104 763 1273 823 Filius
1288 811 1303 838 ‚
1327 764 1628 848 aliquando
1657 767 1897 849 Spiritus
1912 790 2070 829 sanc-

325 856 480 930 tus-⁹²,
504 852 810 935 ⁴aliquando
834 852 961 912 *sine
992 852 1484 914 ulladistinctione
1517 871 1769 937 personae
1799 858 2071 939 Deus'per

319 945 445 1006 illos
475 942 856 1021 figurabatur,
903 942 1004 1001 etsi
1039 941 1354 1003 visibilibus
1390 957 1443 1002 et
1467 946 1836 1004 :sensibilibus
1882 946 2072 1005 formis

322 1055 594 1115 apparens
614 1078 630 1103 ‚
655 1052 766 1112 per·
782 1043 1094 1089 creaturam
1116 1042 1302 1090 tamen
1330 1048 1485 1091 suam
1506 1074 1523 1107 ‚
1553 1055 1667 1092 non
1689 1051 1789 1116 per
1809 1035 2072 1094 substan·-

325 1122 491 1191 tiam5
525 1118 618 1179 cui
640 1117 894 1179 videndae
914 1117 1084 1177 corda
1105 1119 1450 1178 mundantur
1471 1143 1574 1202 per
1587 1122 1720 1182 h'ae'c
1740 1124 1926 1184 omnia
1943 1145 2071 1207 quae

327 1209 502 1269 oculis
528 1207 826 1279 videntur,
845 1221 899 1265 et
922 1208 1152 1287 auribus
1173 1207 1495 1270 audiuntur.

384 1298 637 1360 XXVII.
676 1295 787 1356 Sed
818 1301 936 1373 jam
964 1297 1091 1355 satis
1109 1338 1125 1369 ,
1152 1299 1424 1378 quantum
1453 1300 1700 1359 'existimo
1719 1349 1735 1374 ,
1767 1315 1870 1383 pro
1899 1315 2070 1383 captu

319 1396 507 1448 nostro
528 1386 875 1467 disputatum
893 1396 950 1444 et
970 1384 1406 1446 demonstratum
1422 1402 1504 1448 est
1518 1436 1534 1462 ‚
1553 1388 1707 1471 qued
1721 1393 1780 1449 in
1796 1390 1906 1449 hoc
1927 1389 2072 1451 libro

325 1496 738 1556 susceperamus
762 1473 1045 1534 ostendere
1069 1497 1084 1533 z
1112 1477 1466 1558 constititque
1484 1492 1539 1536 et
1558 1479 1955 1560 probabilitate
1978 1499 2073 1538 ra-

315 1566 482 1627 tionis
511 1572 787 1647 quantum
815 1563 988 1623 homo
1011 1564 1099 1625 vel
1127 1566 1311 1646 potius
1351 1581 1622 1647 quantum
1653 1589 1751 1645 ego
1786 1568 1944 1649 potui
1965 1614 1980 1641 ,
2016 1581 2076 1627 et

317 1652 938 1715 firmitate-..auctoritatis
957 1666 1229 1734 quantum
1247 1654 1317 1712 de
1335 1655 1639 1736 Scripturis
1657 1658 1860 1715 sanctis
1877 1655 2072 1716 divina

321 1745 539 1826 eloquia
563 1755 896 1824 patuerunt,
943 1742 1099 1823 quod
1133 1744 1374 1825 antiquis
1412 1745 1672 1825 patribus
1711 1746 1910 1805 nostris
1948 1747 2075 1804 ante

322 1827 758 1893 incarnationem
785 1830 1080 1890 Salvatoris
1098 1878 1114 1904 ‚
1141 1853 1270 1890 cum
1294 1836 1445 1891 Deus
1466 1832 1733 1915 apparere
1748 1834 2067 1908 dicebatur,

318 1945 478 1984 voces
506 1921 619 1980 illae
642 1941 707 1978 ac
735 1920 943 2000 species
975 1921 1291 2001 corporales
1316 1943 1416 2002 per
1448 1922 1686 1998 Angelos
1711 1922 1873 1982 factae
1908 1921 2068 1990 sunu

325 2013 434 2072 sive
469 2011 601 2092 ipsis
638 2009 998 2089 loquentibus
1033 2010 1122 2068 vel
1163 2011 1452 2086 agentibus
1489 2010 1700 2091 aliquid
1739 2032 1801 2071 ex
1841 2012 2074 2093 persona

329 2101 463 2169 Dei3
494 2099 639 2158 siout
671 2097 846 2155 etiam·
867 2097 1173 2178 Prophetas
1194 2098 1362 2157 solere
1383 2099 1755 2170 ostendimus3
1785 2101 1896 2161 sive
1918 2121 2074 2160 assu-

327 2188 605 2248 mentibus
629 2206 690 2245 ex
712 2198 963 2244 creatura
983 2186 1136 2267 quod
1149 2179 1261 2267 ipsi
1276 2208 1388 2246 non
1408 2201 1586 2247 essent
1601 2232 1616 2261 ,
1643 2189 1744 2248 ubi
1768 2191 1914 2249 Deus
1934 2191 2075 2266 figu-

327 2291 443 2337 rate
464 2276 932 2335 demonstraretur
951 2274 1305 2348 hominibus,
1334 2277 1498 2357 quod
1523 2289 1691 2354 genus
1709 2278 2074 2354 significatio-

328 2388 468 2426 num
512 2385 616 2424 nec
662 2363 972 2443 Prophetas
1020 2363 1260 2422 omisisse
1277 2410 1293 2436 ,
1352 2365 1544 2423 multis
1603 2366 1861 2447 exemplis
1909 2366 2074 2425 docet

333 2455 640 2535 Scriptura.
678 2452 941 2532 Superest
972 2452 1140 2528 igitur
1159 2453 1277 2528 jam
1302 2466 1365 2511 ut
1387 2452 1698 2527 videamuS‚
1723 2475 1849 2514 cum
1870 2469 1924 2514 et
1944 2469 2073 2515 nato

331 2566 432 2627 per
461 2542 728 2618 virginem
757 2541 996 2599 Domino
1014 2588 1030 2614 ,
1062 2555 1119 2600 et
1141 2542 1414 2623 corporali
1438 2543 1619 2624 specie
1642 2543 1783 2601 sicut
1811 2542 2074 2603 columba

336 2631 698 2694 descendente
739 2629 952 2710 Spiritu
987 2629 1217 2688 sancto4
1237 2676 1252 2702 ,
1284 2630 1518 2712 visisque
1545 2631 1715 2706 igneis
1748 2630 1946 2707 linguis
1977 2649 2074 2690 soa-

335 2724 459 2783 nitu
480 2721 628 2780 facto
654 2719 724 2778 de
752 2718 897 2777 coelo
926 2718 1015 2777 die
1042 2720 1388 2783 Pentecostes
1415 2732 1540 2800 post
1563 2720 1924 2778 ascensionem
1951 2722 2073 2779 Do·-

338 2810 698 2881 mini⁵‚·n0n
739 2809 924 2889 ipsum
969 2809 1071 2867 Dei
1100 2809 1346 2868 Verbum
1388 2830 1490 2889 per
1518 2809 1878 2868 substantiam
1915 2830 2072 2869 suam

337 2923 447 2983 qua
480 2898 632 2957 Patri
657 2896 868 2978 aequale
891 2910 1057 2977 atque
1081 2907 1415 2955 coaeternum
1441 2910 1522 2954 est
1543 2943 1559 2968 ,
1585 2916 1685 2955 nec
1706 2898 1946 2979 Spiritus
1968 2901 2073 2957 Pa-

337 2992 433 3049 tris
464 3001 519 3046 et
548 2986 672 3044 Filii
715 3006 817 3065 per
850 3004 1004 3043 suam
1043 2985 1404 3043 substantiam
1447 3006 1556 3067 qua
1590 3000 1643 3045 et
1678 2987 1793 3068 ipse
1829 2987 2072 3068 utrisque

334 3073 564 3161 aequalis
583 3087 749 3156 atque
769 3086 1073 3132 coaeternus
1096 3086 1197 3147 est,
1224 3073 1318 3133 sed
1338 3073 1532 3156 utique
1553 3088 1801 3135 creatura
1821 3070 1948 3157 qu'ae
1967 3074 2075 3136 illis

389 3200 407 3232 ι
429 3195 558 3243 Exod.
576 3205 658 3244 xn,
673 3195 715 3235 5.
742 3212 802 3226 —
824 3191 845 3223 2
863 3195 958 3237 Act.
984 3205 1043 3247 vr,
1065 3194 1137 3240 52,
1156 3216 1214 3228 ...-
1238 3191 1262 3227 3
1277 3195 1414 3242 Galat,
1438 3203 1505 3248 ru,
1527 3209 1597 3253 ¹9·
1616 3214 1675 3227 ....
1695 3191 1716 3228 4
1732 3194 1884 3240 nauh·
1904 3203 1974 3251 m,
2001 3197 2072 3243 ²5·

330 3292 386 3302 -—
407 3264 425 3299 ⁵
443 3268 533 3309 Aet.
552 3273 601 3313 ιι,
623 3263 666 3306 3.
