2144 3808
322 266 440 347 276
842 282 887 324 s.
940 282 1249 326 mensum
1275 284 1548 325 «Emscom

319 370 564 438 dantur,
588 363 676 424 vel
700 364 879 424 anima
898 388 958 425 ex
980 388 1211 449 corpore
1240 369 1326 428 vel
1353 389 1556 449 corpus
1583 388 1643 426 ex
1669 367 1844 427 anima
1862 413 1875 439 ‚
1906 389 2045 428 con-

318 476 471 534 gruae
489 455 724 513 rationes
739 453 798 513 id
817 454 1062 530 faciunt,
1085 479 1212 538 quae
1230 457 1754 516 incommutabiliter
1777 457 1970 518 vivunt
1984 460 2044 517 in

315 547 436 628 ipsa
463 564 678 604 summa
707 543 810 602 Dei
847 545 1111 625 sapientia
1132 592 1146 618 ‚
1189 566 1358 626 quam
1393 545 1543 603 nulla
1581 545 1756 627 spatia
1790 545 2043 604 locorum

315 635 582 715 capiunt,
629 645 683 691 et
715 653 845 691 cum
879 632 998 714 ipsa
1026 635 1095 693 sit
1129 634 1633 706 incommutabiliS,
1678 635 1823 694 nihil
1853 640 2044 694 eorum

313 743 440 805 quae
468 721 556 783 vel
585 722 1052 781 commutabiliter
1087 736 1215 781 sunt
1254 722 1450 781 deserit
1467 723 1647 804 ‚quia
1673 723 1818 782 nihil
1853 744 2044 782 eorum

309 812 415 871 nisi
441 831 542 893 per
575 811 753 892 ipsam
781 831 888 869 cre
890 819 1027 870 itum
1061 825 1156 871 est.
1204 813 1279 870 Ut
1317 811 1462 870 enim
1500 811 1567 871 de
1600 811 1891 892 pecoribus
1931 832 2046 870 non

305 901 510 976 viigae‚
539 898 633 958 sed
653 919 855 980 pecora
876 914 1262 973 nascerentur,
1286 900 1417 959 fecit
1442 900 1554 959 hoe
1577 899 2045 960 incommutabilis

302 1003 358 1048 et
380 988 671 1048 invisibilis
694 989 832 1058 ratio
867 990 1154 1069 sapientiae
1184 990 1325 1060 Dei,
1360 1012 1461 1070 per
1498 1012 1668 1071 quam
1700 1003 1880 1049 creata
1916 1003 2045 1048 sunt

303 1079 486 1137 omnia
515 1099 529 1134 ε
560 1090 623 1134 ut
652 1089 836 1134 autem
866 1076 933 1134 de
968 1077 1230 1136 varietate
1257 1078 1538 1154 virgarum
1556 1125 1570 1150 ‚
1609 1100 1873 1159 pecorum
1903 1100 2043 1137 con-

301 1175 588 1248 ceptorum
616 1164 768 1223 color
793 1165 1004 1245 aliquid
1029 1165 1255 1225 duceret
1273 1213 1289 1238 ,
1309 1165 1441 1225 fecit
1457 1167 1570 1226 hoc
1597 1168 1776 1227 anima
1804 1168 2044 1245 gravidae

300 1255 530 1337 pecudis
558 1276 657 1335 per
685 1254 873 1312 oculos
915 1255 1108 1328 affecta
1143 1256 1445 1315 forinsecus
1466 1302 1480 1326 ,
1517 1270 1571 1315 et
1605 1257 1832 1316 interius
1861 1278 2045 1316 secum

300 1365 407 1425 pro
424 1364 522 1402 suo
553 1341 781 1400 modulo
809 1341 1090 1401 formandi
1113 1343 1353 1420 regulam
1377 1345 1634 1418 trahens,
1664 1366 1834 1427 quam
1856 1345 1925 1404 de
1950 1345 2044 1404 in-

300 1435 434 1493 tima
469 1432 718 1514 potentia
751 1432 835 1490 sui
875 1433 1149 1491 Creatoris
1186 1435 1415 1515 accepit.
1465 1435 1574 1493 Sed
1614 1449 1821 1517 quanta
1858 1436 1927 1494 sit
1961 1435 2045 1494 vis

300 1523 502 1583 animae
535 1521 605 1580 ad
632 1519 976 1580 afficiendam
1007 1535 1168 1623 atque
1194 1524 1517 1608 mutandam
1538 1526 1825 1584 materiam
1849 1545 2043 1625 corpo-

297 1612 468 1673 ralem
494 1612 658 1691 (cum
684 1624 862 1669 tamen
889 1614 1120 1671 creatrix
1142 1614 1390 1694 corporis
1413 1614 1526 1673 dici
1550 1637 1662 1673 non
1687 1615 1891 1696 possit,
1914 1615 2044 1697 quia

303 1701 479 1761 omnis
497 1722 658 1759 causa
672 1700 959 1758 mutabilis
983 1703 1361 1783 sensibilisque
1386 1704 1710 1762 substantiae
1722 1704 2044 1785 ,omnisque

298 1790 498 1848 modus
526 1803 580 1847 et
603 1810 863 1847 numerus
892 1803 946 1847 et
969 1791 1187 1870 pondus
1215 1796 1332 1868 ejus
1354 1792 1502 1850 unde
1530 1791 1764 1851 efficitur
1791 1806 1853 1851 ut
1874 1805 1928 1851 et
1946 1792 2036 1862 sit,

299 1892 353 1936 et
377 1892 574 1936 natura
604 1878 681 1935 ita
702 1878 790 1937 vel
816 1877 895 1935 ita
919 1879 987 1935 sit
1003 1925 1019 1950 ,
1055 1879 1128 1937 ab
1165 1879 1500 1956 intelligibili
1523 1894 1577 1938 et
1598 1879 2044 1939 incommutabili

295 1968 409 2026 vita
431 2015 445 2036 ‚
479 1988 608 2048 quae
632 1987 796 2046 super
822 1967 1005 2025 omnia
1036 1981 1150 2040 est,
1180 1969 1391 2041 existit,
1429 1983 1483 2027 et
1503 1970 1754 2050 pervenit
1773 1991 1947 2050 usque
1972 1968 2043 2028 ad

295 2070 531 2115 extrema
567 2068 731 2135 atque
760 2054 1045 2135 terrena),
1096 2056 1304 2115 multus
1332 2079 1507 2116 sermo
1536 2071 1649 2130 est,
1681 2079 1860 2139 neque
1893 2078 2042 2117 nunc

294 2143 643 2203 necessarius,
679 2142 883 2201 Verum
903 2157 1196 2224 propterea
1213 2143 1424 2204 factum
1451 2147 1631 2205 Jacob
1655 2146 1723 2205 de
1745 2147 2043 2228 pecoribus

297 2229 845 2291 commemorandum
879 2232 1176 2290 arbitratus
1207 2232 1366 2292 sum‘l
1388 2280 1402 2306 ‚
1441 2248 1504 2293 ut
1533 2234 1927 2311 intelligeretur
1949 2282 1964 2307 ,
1998 2235 2042 2292 si

296 2322 468 2381 homo
491 2321 589 2401 qui
612 2321 790 2396 virgas
819 2320 940 2379 illas
973 2322 1050 2380 sic
1070 2322 1290 2402 posuit,
1327 2323 1441 2382 dici
1474 2346 1586 2383 non
1620 2338 1800 2405 potest
1828 2337 2042 2384 creator

295 2410 547 2474 colorum
579 2409 636 2466 in
668 2409 818 2484 agnis
856 2422 909 2467 et
939 2410 1158 2480 hoedis;
1196 2433 1298 2470 nec
1340 2413 1476 2492 ipsae
1515 2426 1755 2472 matrum
1801 2414 2036 2485 animae,

298 2520 426 2580 quae
443 2510 770 2578 conceptam
788 2519 890 2578 per
906 2499 1093 2558 oculos
1109 2502 1354 2582 corporis
1371 2502 1719 2582 phantasiam
1737 2503 2035 2574 varietatiS,

298 2587 597 2645 seminibus
641 2607 804 2644 carne
833 2589 1114 2670 conceptis
1135 2635 1149 2661 ‚
1193 2603 1464 2670 quantum
1493 2604 1688 2649 natura
1722 2612 1880 2670 passa
1919 2604 2035 2662 est,

299 2688 666 2757 asperserunt,
692 2676 869 2734 multo
890 2678 1071 2736 minus
1093 2678 1206 2737 dici
1223 2701 1381 2759 posse
1401 2701 1660 2738 ranarum
1681 2681 2042 2761 serpentium-

300 2786 406 2845 que
445 2778 715 2823 creatores
744 2765 960 2841 angelos
992 2767 1163 2826 malos
1186 2813 1200 2840 ‚
1237 2789 1338 2847 per
1370 2789 1510 2849 quos
1545 2769 1691 2845 magi
1734 2769 2041 2828 Pharaonis

294 2867 441 2916 ¹tunc
464 2851 848 2913 illa'fecerunt.

385 2942 536 2999 XVI.
589 2940 757 2999 Aliud
791 2954 870 3000 est
904 2943 1050 3002 enim
1083 2966 1144 3003 ex
1171 2944 1366 3003 intimo
1400 2967 1464 3004 ac
1493 2967 1707 3005 summo
1747 2965 2039 3005 causarum

303 3028 526 3086 cardine
549 3028 785 3086 condere
810 3043 973 3110 atque
997 3031 1375 3092 administrare
1396 3049 1741 3107 creaturam,
1769 3024 1920 3115 quod
1939 3033 2038 3114 qui

303 3114 468 3189 facit,
500 3116 646 3175 solus
674 3131 884 3177 creat01
904 3133 982 3179 est
1009 3123 1191 3182 Deus:
1218 3123 1370 3183 aliud
1397 3138 1572 3184 autom
1602 3146 1704 3206 pro
1729 3123 2037 3183 distributis

366 3223 500 3263 ²Gen.
529 3236 623 3272 xxx,
643 3231 713 3270 41.
