2144 3808
288 294 408 362 506.
818 315 869 354 s.
915 313 1225 355 inausum
1265 309 1527 355 eviscovi
1572 308 1576 311 ·

291 393 541 461 cundum
578 394 748 458 animi
780 397 1040 457 virtutem
1070 396 1291 464 vivere3
1335 395 1619 476 quomodo
1649 396 1812 456 beate
1852 397 2032 463 vivere

289 480 446 553 vult,
479 483 577 563 qui
601 483 712 542 hoc
736 504 849 553 non
878 484 1036 545 vulti)
1067 485 1262 543 Nonne
1285 484 1466 542 verius
1490 483 1818 557 dixerimu5‚
1851 485 2032 544 Homo

290 569 389 635 iste
409 591 520 637 non
544 571 664 632 vult
692 572 853 632 beate
878 573 1058 632 vivere
1077 619 1091 645 ,
1119 573 1249 654 quia
1275 593 1387 630 non
1408 572 1529 631 vult
1544 572 1847 632 secundum
1864 574 2036 634 virtu-

298 670 403 720 tem
423 659 603 722 vivere
626 706 641 731 ‚
665 659 818 743 quod
843 660 1019 720 solum
1042 675 1120 720 est
1139 661 1551 720 beate-vivere?
1578 663 1702 720 Non
1722 662 1893 738 igitur
1919 683 2035 724 om-

294 768 387 805 nes
420 748 580 812 beate
617 749 799 810 vivere
835 751 1057 823 volunt,
1099 751 1213 808 imo
1245 750 1413 831 pauci
1448 749 1558 808 hoc
1593 750 1820 822 volunt,
1851 751 1896 809 si
1923 769 2036 810 non

294 847 372 893 est
404 835 567 898 beate
594 837 809 910 vivere,
845 839 949 897 nisi
978 838 1279 898 secundum
1315 838 1573 897 virtutem
1611 838 1778 896 animi
1816 837 2028 912 vivere,

291 925 444 1006 quod
470 926 630 988 multi
651 927 862 988 volunt.
891 930 1069 987 Ita-ne
1090 928 1287 987 falsum
1307 929 1430 999 erit,
1453 927 1601 986 unde
1622 949 1723 986 nec
1744 927 1860 1008 ipse
1884 927 2038 1008 (cum

296 1012 638 1077 Academicis
669 1016 851 1074 omnia
879 1015 1054 1073 dubia
1084 1015 1222 1093 sint)
1246 1061 1260 1084 ,
1310 1015 1671 1073 Academicus
1710 1015 1802 1074 ille
1843 1015 2038 1074 Cicero

295 1099 607 1170 dubitavit,
639 1101 737 1180 qui
768 1121 897 1161 cum
921 1101 1083 1161 vellet
1103 1102 1162 1160 in
1191 1103 1484 1161 Hortensio
1513 1102 1731 1179 dialogo
1761 1103 1834 1160 ab
1858 1101 2042 1184 aliqua

293 1209 352 1245 re
382 1201 533 1252 certa
555 1235 570 1259 ,
597 1188 667 1251 de
694 1210 803 1269 qua
830 1190 1017 1250 nullus
1037 1190 1339 1267 ambigeret
1357 1237 1371 1262 ‚
1409 1208 1619 1251 sumere
1646 1212 1759 1249 suae
1791 1190 2040 1272 disputa-

297 1274 466 1343 tionis
499 1275 782 1340 exordium
807 1324 822 1349 ‚
855 1279 1009 1336 Beati
1049 1292 1195 1337 certe
1217 1326 1232 1350 ,
1269 1279 1450 1360 inquit
1470 1326 1485 1351 ,
1522 1294 1710 1337 omnes
1737 1300 1847 1337 esse
1874 1273 2043 1339 volu·-

299 1366 465 1429 mus?
494 1363 655 1431 Absit
677 1378 737 1430 ut
765 1365 876 1426 hoc
896 1365 1094 1425 falsum
1123 1388 1232 1426 esse
1252 1367 1520 1427 dicamus
1554 1366 1707 1439 Quid
1738 1366 1946 1444 igitur?
1975 1388 2044 1425 an

298 1450 596 1519 dicendum
621 1467 699 1512 est
724 1455 934 1518 etiamsi
961 1456 1105 1514 nihil
1133 1457 1203 1514 sit
1232 1456 1384 1515 aliud
1414 1457 1573 1515 beate
1616 1456 1800 1523 vivere
1819 1502 1835 1527 ,
1878 1474 2043 1537 quam

297 1540 602 1608 §ecundum
630 1543 890 1605 virtutem
917 1544 1088 1613 animi
1117 1545 1303 1604 vivere
1323 1592 1339 1617 ‚
1375 1558 1556 1603 tamen
1586 1558 1640 1602 et
1667 1546 1765 1625 qui
1795 1544 1906 1602 hoe
1933 1564 2047 1603 non

295 1628 419 1695 vult
439 1676 453 1701 ,
495 1630 656 1694 beate
683 1632 805 1695 vult
830 1632 1052 1699 vivere?
1084 1634 1260 1692 Nimis
1287 1634 1511 1714 quidem
1545 1633 1657 1692 hoe
1692 1632 1914 1699 videtur
1940 1633 2047 1692 ab-

302 1717 548 1780 surdum.
600 1721 734 1782 Tale
759 1736 839 1788 est
874 1723 1020 1782 enim
1053 1745 1118 1782 ac
1155 1724 1200 1782 si
1232 1723 1481 1784 dicamus
1503 1771 1517 1796 ‚
1558 1725 1630 1782 Et
1661 1723 1893 1804 quinon
1921 1723 2044 1783 vult

296 1806 454 1875 beate
476 1807 657 1874 vivere
675 1856 690 1880 ‚
722 1810 882 1870 beate
910 1810 1032 1870 vult
1052 1812 1252 1872 vivere.
1286 1813 1449 1870 Istam
1478 1811 1896 1892 repugnantiam
1919 1811 2045 1892 quis

302 1894 491 1964 {ludiat
513 1942 527 1966 ‚
562 1897 687 1977 quis
703 1895 881 1957 ferat?
918 1900 987 1956 Et
1018 1913 1202 1958 tamen
1227 1898 1298 1958 ad
1326 1900 1474 1959 hanc
1504 1899 1789 1959 contrudit
1812 1898 2047 1958 necessi-

300 1995 380 2050 tas
401 2030 416 2054 ,
438 1984 482 2042 si
499 1998 551 2042 et
572 2005 761 2047 omnes
774 1987 934 2045 beate
952 1988 1089 2046 velle
1111 1989 1293 2048 vivere
1307 2010 1499 2047 verum
1522 2003 1629 2061 est,
1656 2002 1709 2047 et
1729 2009 1841 2046 non
1861 2007 2048 2047 omnes

298 2072 376 2137 sie
408 2072 602 2138 volunt
621 2074 802 2136 vivere
825 2121 840 2146 ‚
869 2075 1152 2156 quomodo
1178 2075 1355 2143 solum
1385 2077 1544 2136 beate
1570 2077 1793 2136 vivitur.

384 2160 542 2227 Vlll.
580 2163 666 2224 An
688 2161 830 2224 for-te
846 2163 985 2224 illud
1007 2177 1086 2221 est
1106 2164 1258 2245 quod
1283 2185 1384 2222 nos
1408 2162 1585 2224 abhis
1600 2163 1862 2241 angustiis
1879 2165 2051 2245 possit

305 2270 492 2316 eruere
512 2297 527 2323 ‚
557 2264 618 2312 ut
643 2251 906 2332 quoniam
928 2252 1166 2312 diximus
1189 2253 1270 2311 ibi
1292 2273 1538 2336 quosque
1558 2254 1802 2334 posuisse
1829 2254 2049 2312 beatam

304 2337 475 2402 vitam
495 2338 647 2419 quod
665 2354 755 2399 eos
777 2340 1009 2400 maxime
1024 2340 1345 2414 delectavit,
1366 2354 1428 2399 ut
1443 2338 1699 2422 iroluptas
1718 2340 2048 2422 Epicurum,

305 2426 478 2492 vir-tus
502 2428 812 2500 Zenonem,
845 2428 923 2487 sic
958 2429 1127 2488 alium
1160 2429 1370 2510 aliquid
1407 2429 1587 2499 aliud,
1631 2428 1775 2488 nihil
1803 2427 2052 2487 dicamus

303 2534 414 2572 esse
449 2514 611 2577 beato
650 2515 865 2586 vivens,
909 2516 1013 2575 nisi
1051 2517 1235 2575 vivere
1279 2516 1584 2576 secundum
1637 2515 2052 2576 delectationem

305 2622 497 2674 suam,
530 2615 584 2660 et
623 2602 747 2669 ideo
776 2603 975 2663 falsum
1004 2626 1117 2663 non
1148 2625 1258 2663 esse
1285 2604 1438 2686 quod
1467 2625 1653 2664 omnes
1682 2604 1840 2662 beate
1873 2604 2056 2666 vivere

303 2691 507 2760 velint,
537 2692 668 2770 quia
699 2713 889 2751 omnes
908 2694 985 2752 ita
1004 2693 1204 2753 volunt
1233 2706 1294 2751 ut
1322 2711 1596 2791 quemque
1616 2691 1883 2751 delectat?
1911 2693 2054 2751 Nam

307 2791 362 2838 et
392 2778 502 2837 hoc
537 2772 750 2860 pdpulo
773 2782 816 2839 si
847 2782 1273 2881 pronuntiatum
1305 2794 1440 2839 esset
1467 2781 1523 2838 in
1567 2780 1823 2853 theatro,
1869 2792 2055 2839 omnes

305 2867 400 2929 id
386 2889 444 2926 m
465 2869 573 2928 suis
606 2869 1022 2932 voluntatibus
1008 2871 1332 2930 luvenirent.
1359 2869 1464 2927 Sed
1482 2869 1595 2928 hoc
1616 2888 1836 2950 quoque
1860 2869 2055 2929 Cicero

310 2977 437 3014 eum
470 2958 578 3017 sibi
613 2979 673 3016 ex
706 2959 934 3019 adverso
973 2960 1374 3042 proposuisset,
1408 2960 1484 3018 ita
1516 2958 1830 3036 redarguit,
1871 2960 2056 3039 utqui

305 3046 421 3110 hoc
450 3049 726 3120 sentiunt,
760 3052 1105 3113 erubescant.
1143 3053 1236 3111 Ait
1271 3053 1415 3121 enim
1442 3073 1456 3110 ι
1501 3076 1526 3103 α
1562 3053 1704 3109 Ecce
1734 3063 1915 3108 autem
1944 3070 2057 3108 non

303 3134 640 3215 Philosophi
661 3136 886 3215 quidem
905 3184 919 3209 ,
949 3139 1041 3196 sed
1063 3140 1315 3221 prompti
1332 3153 1515 3198 tamen
1534 3138 1603 3198 ad
1622 3136 2020 3218 disputandum
2035 3183 2050 3207 ‚

298 3243 486 3280 omnes
518 3223 672 3281 aiunt
703 3245 817 3281 esse
850 3225 1042 3284 beatos
1065 3274 1079 3300 ,
1117 3227 1212 3307 qui
1244 3229 1434 3290 vivant
1465 3241 1527 3286 ut
1554 3227 1663 3308 ipsi
1694 3225 1899 3286 velint:
1944 3225 2053 3283 hoc
