2144 3808
361 340 577 380 CONTRA
621 338 953 378 MAXIMINUM
997 337 1278 392 ARIANUM,
1327 342 1437 382 LIB.
1490 345 1555 384 11.
1724 327 1834 386 113

117 421 266 502 quod
282 419 701 486 manifestissime
719 431 778 476 ut
791 418 959 476 homo
971 418 1216 499 loquitur
1240 443 1254 478 ε
1273 447 1298 476 α
1317 424 1643 484 Potestatem
1655 426 1837 485 habeo

118 537 144 566 ))
158 511 398 591 ponendi
422 509 657 567 animam
675 529 845 565 meam
863 554 877 579 ‚
896 521 949 566 et
971 522 1296 588 potestatem
1310 510 1492 570 habeo
1519 513 1718 572 iterum
1746 535 1836 573 su-

116 626 143 653 »
165 599 348 656 mendi
361 619 494 655 eam.
519 596 638 653 Hoc
652 596 794 652 enim
809 610 1151 676 praeceptum
1168 598 1356 678 accepi
1371 621 1401 657 a
1419 600 1580 659 Patre
1596 599 1787 659 meos?
1807 629 1835 655 »

116 686 266 757 Quid
300 687 410 744 hoc
460 684 686 760 adjuvat
718 705 936 742 causam
970 689 1160 743 tuam?
1193 686 1479 767 Numquid
1515 688 1657 747 enim
1689 687 1840 746 aliud

113 773 266 841 dixit,
283 775 383 832 nisi
404 796 417 830 ε
436 774 764 830 Potestatem
774 772 954 830 habeo
970 772 1235 831 moriendi
1247 787 1300 831 et
1310 775 1656 851 resurgendi?
1676 775 1843 849 Quod

110 862 296 942 itaque
333 862 440 919 ait:
478 888 504 913 (ι
532 862 703 918 Nemo
729 881 846 917 eam
872 859 1013 918 tollit
1047 884 1074 918 a
1107 882 1214 932 me,
1248 861 1340 920 sed
1361 884 1459 939 ego
1488 884 1604 922 eam
1629 885 1778 944 pono
1811 887 1845 922 a

116 975 141 1002 ›>
170 971 277 1020 me,
311 962 363 1006 et
391 949 591 1006 iterum
609 968 763 1004 sumo
786 949 940 1004 eam2
961 970 974 1005 ε
999 975 1024 1001 »
1045 948 1181 1028 quid
1195 948 1426 1025 intelligi
1440 949 1636 1022 voluit,
1664 950 1768 1008 nisi
1792 971 1846 1008 se

111 1059 223 1095 non
244 1036 403 1094 fuisse
443 1036 805 1106 moriturum,
839 1036 943 1093 nisi
970 1037 1086 1116 ipse
1124 1037 1411 1096 voluisset?
1446 1038 1733 1119 Numquid
1759 1052 1846 1107 ta-

111 1146 236 1182 men
257 1125 360 1181 nisi
376 1124 543 1181 homo
577 1137 742 1194 esset,
771 1124 916 1186 mori
935 1137 987 1181 et
1014 1119 1286 1201 resurgere
1303 1126 1608 1206 potuisset?
1631 1126 1723 1184 Sic
1754 1147 1850 1187 au·

110 1224 220 1269 tem
244 1211 591 1281 introduxisti
613 1212 722 1268 hoc
747 1212 1118 1270 testimonium
1134 1259 1150 1283 ,
1179 1226 1240 1270 ut
1259 1214 1675 1295 praeloquereris
1696 1261 1712 1286 ,
1753 1214 1864 1272 di-

110 1321 234 1358 cens
259 1323 273 1357 2
310 1327 336 1353 (ι
360 1296 466 1358 Hic
489 1322 615 1358 sane
642 1312 694 1357 et
724 1299 791 1357 de
808 1322 903 1371 sua
919 1314 1184 1380 potestate
1205 1323 1371 1382 quam
1398 1325 1429 1360 a
1448 1305 1609 1361 Patre
1624 1302 1838 1383 accepit

111 1414 139 1442 ))
172 1388 389 1446 dicebat
415 1410 428 1444 :
463 1390 790 1445 Potestatem
818 1387 999 1445 habeo
1023 1389 1268 1468 ponendi
1290 1390 1530 1448 animam
1547 1411 1722 1448 meam
1742 1435 1757 1462 ,
1787 1403 1842 1448 et

110 1503 137 1530 »
166 1489 490 1556 potestatem
514 1476 694 1533 habeo
735 1475 936 1532 iterum
981 1476 1233 1534 sumendi
1260 1498 1379 1534 eam
1403 1498 1419 1536 z
1449 1505 1475 1531 ›>
1503 1490 1768 1557 tanquam
1798 1477 1844 1536 si

109 1564 279 1622 homo
304 1587 415 1622 non
439 1577 591 1634 esset,
618 1562 895 1642 positurus
934 1577 1066 1620 esset
1091 1564 1349 1623 animam.
1394 1565 1469 1622 Ut
1496 1565 1667 1623 homo
1686 1586 1837 1640 erg0,

108 1675 221 1711 non
273 1667 333 1710 ut
377 1654 544 1724 Deus,
583 1651 796 1730 accepit
844 1651 992 1708 hanc
1033 1665 1360 1731 potestatem
1386 1674 1400 1709 ε
1436 1653 1688 1732 quamvis
1734 1674 1847 1712 non

109 1741 302 1799 dixerit
329 1764 342 1798 :
368 1767 393 1793 (ι
412 1741 572 1798 Hanc
598 1751 942 1819 potestatem,
961 1764 988 1791 »
1017 1738 1138 1810 sed,
1169 1765 1195 1792 «
1219 1740 1343 1798 Hoc
1369 1753 1713 1820 praeceptum
1741 1761 1839 1798 ac-

110 1857 137 1883 »
167 1831 343 1911 cepia
369 1832 531 1887 Patre
560 1843 697 1886 meo.
725 1853 751 1879 »
780 1827 918 1899 Quis
943 1841 1125 1886 autem
1152 1828 1357 1886 nesciat
1377 1828 1528 1886 aliud
1553 1850 1662 1887 esse
1690 1850 1845 1910 prae-

110 1932 356 1999 ceptum,
379 1917 527 1976 aliud
559 1919 920 1996 potestatem?
946 1917 1066 1974 Hoc
1087 1917 1232 1974 enim
1261 1917 1532 1975 habemus
1561 1917 1620 1976 in
1652 1931 1842 1998 potes-

108 2021 238 2078 tate,
270 2006 422 2089 quod
447 2028 573 2064 cum
602 2004 857 2064 volumus
893 2014 1198 2085 possumus,
1239 2007 1590 2086 Praeceptum
1621 2027 1747 2067 vero
1781 2005 1842 2065 id

108 2095 397 2154 nobiscum
433 2094 574 2170 agit,
610 2106 669 2151 ut
700 2092 849 2172 quod
879 2097 997 2168 jam
1031 2107 1110 2151 est
1143 2094 1202 2151 in
1229 2107 1495 2173 potestate
1521 2093 1784 2152 faciamus
1818 2116 1834 2152 ε

109 2182 152 2239 si
179 2195 356 2240 autem
387 2181 635 2241 nondum
658 2194 735 2238 est
758 2180 818 2237 in
848 2193 1138 2260 potestate3
1169 2202 1384 2239 oremus
1407 2182 1566 2240 nobis
1589 2195 1839 2262 potesta-

107 2283 214 2328 tem
242 2270 381 2342 dari,
412 2284 474 2329 ut
501 2269 651 2351 quod
686 2281 1029 2347 praeceptum
1061 2281 1138 2326 est
1175 2269 1518 2349 impleamus,
1559 2269 1838 2341 Quocirca

109 2359 152 2415 si
180 2381 240 2416 ea
265 2381 390 2438 quae
422 2354 606 2438 aperta
629 2369 756 2413 sunt
780 2354 954 2414 velitis
977 2356 1282 2428 attendere,
1318 2370 1380 2414 ut
1402 2357 1573 2415 homo
1599 2378 1834 2438 accepe-

105 2460 191 2504 rat
231 2447 376 2504 hanc
423 2458 763 2526 potestatem.
814 2443 922 2501 Sed
965 2459 1192 2524 propter
1238 2445 1598 2505 contentiosos
1630 2467 1727 2522 ego
1760 2445 1831 2504 ad

107 2547 400 2616 utrumque
424 2532 752 2592 concludam
776 2553 789 2587 ε
827 2531 885 2588 Si
911 2545 969 2590 ut
996 2532 1164 2590 homo
1189 2535 1400 2613 accepit
1424 2532 1570 2592 lianc
1595 2546 1834 2613 potesta-

46 2683 48 2690 Α
107 2626 238 2695 tem,
263 2624 402 2682 nihil
419 2623 521 2681 tibi
544 2620 797 2702 prodesse
818 2620 928 2677 hoc
952 2621 1320 2680 testimonium
1338 2636 1391 2679 et
1415 2635 1473 2680 tu
1494 2619 1644 2681 vides
1664 2647 1678 2689 3
1703 2621 1835 2702 quia

108 2710 151 2768 si
173 2732 232 2768 ex
254 2711 362 2769 hac
385 2723 651 2792 potestate
666 2731 695 2765 a
720 2709 881 2765 Patre
899 2724 1123 2790 accepta
1139 2757 1154 2781 ,
1176 2710 1440 2768 minorem
1456 2712 1616 2767 Patre
1635 2710 1837 2768 Filium

107 2798 189 2855 vis
221 2800 478 2879 probare,
510 2821 611 2856 nec
638 2796 736 2855 nos
757 2796 1100 2869 dubitamm,
1127 2798 1276 2878 quod
1299 2799 1358 2856 in
1381 2811 1652 2880 quantum
1665 2797 1835 2857 homo

108 2899 187 2944 est
218 2888 491 2960 Christus,
523 2889 703 2945 minor
731 2899 808 2944 est
844 2887 1045 2945 Patre:
1085 2887 1127 2945 si
1153 2901 1333 2946 autem
1367 2901 1430 2947 ut
1451 2889 1626 2946 Deum
1650 2888 1730 2948 vis
1749 2910 1837 2947 ac-

15 3036 36 3053 „
109 2974 310 3054 cepisse
353 2976 499 3034 hanc
532 2987 882 3056 potestatem,
917 2975 1185 3051 gignendo
1214 2997 1340 3034 eum
1371 2978 1534 3035 Pater
1572 2975 1842 3056 aequalem

108 3060 236 3131 sibi,
258 3061 470 3121 deditei
484 3062 730 3121 omnium
747 3083 925 3119 rerum
943 3075 1172 3136 tantam,
1188 3077 1396 3145 quanta
1420 3064 1527 3146 ipsi
1555 3063 1709 3123 Patri
1732 3077 1834 3136 est,

108 3161 448 3227 potestatem.
476 3151 532 3209 Si
549 3149 691 3208 enim
706 3147 886 3207 minus
901 3149 1074 3210 habet
1090 3151 1147 3211 in
1167 3164 1435 3233 potestate
1453 3150 1662 3234 aliquid
1677 3171 1843 3233 quam

17 3357 32 3404 ᾖ

15 3418 34 3473 ἑ,

24 3554 51 3591 -2'

17 3590 43 3762 5

19 3775 41 3808 8

192 3251 328 3296 'Joan.
348 3269 392 3305 x,
415 3258 480 3296 18.
503 3251 726 3297 -21bid.
989 3285 992 3289 ,

314 3326 563 3380 cxxxvii.
1652 3318 1689 3377 8
