2144 3808
368 324 619 366 CONTRA
662 326 996 367 nAxmnNUn
1039 323 1318 377 ΔιιιΑΝυιι,
1366 328 1475 366 Lm.
1529 329 1591 366 11.
1791 306 1866 385 87

158 408 268 468 lare
296 431 398 491 pro
431 406 648 467 nobis1.
681 433 707 459 »
749 407 914 480 Quod
936 428 1036 466 cur
1057 407 1218 466 nohis
1253 407 1449 483 objicis
1471 454 1486 478 ,
1519 409 1562 465 si
1602 429 1726 466 eum
1757 430 1870 468 non

157 497 332 556 solum
355 493 571 567 Deum,
605 497 958 555 verumetiam
996 495 1277 555 hominem
1307 494 1591 572 agnoscis?
1640 495 1790 567 Quid
1820 509 1873 555 te

151 586 320 662 igitur
353 583 616 662 adjuvat,
644 582 796 666 quod
824 584 1006 644 sedere
1044 585 1114 645 ad
1154 583 1424 644 dexteram
1459 583 1637 641 Patris
1664 583 1891 643 055ἱάιο-

151 673 389 750 legitur?
433 672 585 746 Quid
610 673 769 732 nobis
790 719 806 745 ,
835 696 946 732 non
975 670 1200 754 quidem
1230 673 1488 731 inanibus
1512 671 1832 730 testimoniis
1855 717 1870 744 ,

152 762 246 821 sed
276 775 456 820 tamen
477 762 729 832 inaniter,
755 762 994 843 probare
1018 762 1204 820 niteris
1225 761 1376 843 quod
1395 759 1668 819 fatemur?

231 849 295 910 V.
354 876 381 903 α
405 850 552 914 Dicis
578 872 672 909 vos
713 850 978 932 Spiritum
1009 863 1260 913 sanctum
1287 861 1657 931 competenter
1691 847 1876 907 hono-

149 960 268 998 rare
294 952 354 998 ut
375 938 655 998 doctorem
684 985 699 1009 ,
727 953 789 998 ut
810 939 1132 999 ducatorem
1159 986 1175 1012 ,
1218 952 1280 998 ut
1314 935 1735 997 illuminatorem
1764 984 1777 1008 ‚
1814 951 1876 995 ut

147 1029 635 1097 sanctificatorem3
661 1027 943 1087 Christum
967 1027 1142 1087 colere
1164 1073 1180 1101 ,
1213 1041 1276 1086 ut
1297 1040 1624 1096 creatorem3
1656 1026 1875 1084 Patrem

146 1137 275 1193 cum
297 1117 505 1176 sincera
526 1116 813 1177 devotione
840 1116 1096 1189 adorare,
1124 1130 1186 1175 ut
1216 1129 1509 1175 auctorem.
1532 1142 1559 1168 »
1595 1115 1652 1174 Si
1675 1127 1875 1173 aucto-

112 1200 121 1210 ’
144 1226 259 1270 rem
287 1211 578 1286 propterea
602 1204 738 1265 dicis
764 1207 983 1264 Patrem
1003 1252 1017 1277 ‚
1045 1205 1175 1288 quia
1198 1204 1266 1264 de
1292 1205 1411 1286 ipso
1435 1217 1514 1262 est
1533 1203 1727 1274 Filius,
1759 1211 1874 1260 non

144 1305 222 1351 est
245 1307 423 1352 autem
448 1294 563 1375 ipse
589 1293 657 1353 de
676 1294 812 1354 Filio
835 1319 850 1364 ;
881 1307 935 1353 et
954 1293 1084 1376 quia
1102 1293 1169 1352 de
1191 1292 1286 1353 illo
1310 1292 1451 1352 etde
1483 1291 1618 1350 Filio
1648 1291 1724 1349 sic
1745 1313 1874 1372 pro-

143 1381 293 1441 cedit
314 1382 551 1464 Spiritus
569 1395 787 1442 sanctus
805 1430 819 1453 ,
846 1396 908 1441 ut
929 1382 1044 1463 ipse
1071 1382 1182 1440 hoc
1207 1381 1417 1440 dederit
1446 1380 1584 1438 Filio
1603 1379 1872 1456 gignendo

141 1490 268 1528 eum
288 1469 450 1529 talem
468 1517 483 1542 ‚
508 1482 571 1529 ut
592 1470 754 1529 etiam
772 1470 839 1528 de
860 1470 982 1551 ipso
1001 1469 1269 1550 procedat
1292 1468 1528 1550 Spiritus
1548 1480 1764 1526 sanctus
1788 1489 1801 1524 ι
1830 1467 1871 1524 si

141 1570 441 1618 creatorem
463 1559 541 1616 sic
569 1556 707 1616 dicis
729 1556 932 1615 Filium
955 1603 969 1625 ,
1005 1569 1068 1614 ut
1092 1570 1391 1615 creatorem
1419 1577 1532 1613 non
1567 1575 1726 1631 neges
1759 1554 1873 1612 Pa-

140 1659 276 1705 trem
297 1667 398 1705 nec
421 1635 687 1729 Spiritum
712 1659 962 1705 sanctum
986 1646 1062 1710 :si
1079 1644 1314 1727 denique
1329 1643 1813 1726 Spiritum'sanctu
1822 1663 1871 1726 m

139 1733 216 1793 sic
245 1734 383 1795 dicis
406 1734 687 1795 doctorem
705 1781 719 1807 ‚
742 1733 1065 1793 ducatorem
1084 1781 1099 1804 ‚
1131 1732 1557 1793 illuminatorem
1583 1778 1596 1802 ,
1628 1730 1874 1788 sanctifi-

138 1836 402 1896 catorem,
418 1837 480 1883 ut
501 1824 625 1883 haec
654 1845 818 1905 opera
836 1845 936 1882 nec
957 1822 1111 1882 Patri
1132 1822 1328 1881 audeas
1354 1820 1563 1882 auferre
1579 1840 1681 1878 nec
1698 1817 1866 1877 Filio:

135 1910 239 1971 ista
258 1925 354 1971 tua
385 1913 549 1971 etiam
579 1922 763 1972 nostra
789 1912 896 1972 sint
925 1912 1113 1971 verba.
1154 1905 1211 1971 Si
1234 1922 1415 1971 autem
1449 1909 1574 1969 talia
1595 1907 1701 1967 tibi
1725 1906 1870 1966 idola

134 1996 298 2080 ponis
320 2002 379 2060 in
405 2001 570 2061 corde
586 2049 602 2075 ‚
635 2015 697 2061 ut
728 2001 868 2061 duos
890 1999 1063 2061 facias·
1085 2001 1243 2069 deOS,
1270 2019 1443 2060 unum
1475 2003 1738 2076 majorem
1759 2043 1775 2070 ,
1812 1995 1868 2055 id

135 2102 244 2161 est,
277 2092 497 2150 Patrem
518 2137 534 2162 ,
562 2090 729 2150 alium
762 2090 1062 2190 minorem,
1095 2088 1154 2149 id
1178 2103 1257 2149 est
1278 2136 1294 2162 ,
1330 2086 1530 2148 Filium
1546 2085 1565 2159 ⁴3
1596 2084 1867 2167 Spiritum

133 2199 262 2238 vero
285 2193 535 2239 sanctum
561 2180 636 2239 ita
664 2179 910 2239 omnium
938 2172 1107 2237 trium
1132 2174 1424 2237 minimum
1447 2178 1619 2252 fingas
1637 2221 1652 2247 ,
1687 2186 1750 2232 ut
1769 2194 1868 2231 nec

135 2269 316 2327 Deum
355 2289 678 2350 nuncupare
719 2267 958 2344 digneris
1000 2289 1014 2325 ι
1055 2288 1167 2326 ιιοιι
1204 2266 1329 2326 haec
1356 2279 1435 2325 est
1469 2277 1651 2323 nostra
1685 2262 1862 2328 fides,

133 2357 396 2438 quoniam
419 2379 536 2416 non
569 2371 649 2416 est
680 2357 982 2416 christiana
1016 2348 1183 2428 fides,
1215 2368 1277 2415 ac
1307 2378 1408 2438 per
1436 2354 1549 2413 hoc
1583 2373 1683 2412 nec
1709 2350 1858 2411 fides

134 2443 315 2504 Etiam
350 2446 461 2505 hoc
495 2445 643 2504 tibi
630 2444 960 2522 ignoscimus
985 2490 1000 2512 ,
1050 2443 1200 2526 quod
1225 2444 1475 2526 imperite
1499 2462 1627 2501 usus
1652 2439 1863 2498 v'erho
1846 2485 1862 2510 ‚

133 2533 456 2592 «Christum
486 2533 804 2610 significasti
837 2531 905 2591 ad
938 2545 1147 2591 terrena
1172 2531 1508 2592 descendisse
1537 2528 1824 2606 contagia.
1838 2554 1864 2580 »

133 2621 203 2681 Et
225 2623 353 2702 quia
374 2622 525 2681 hoc
511 2644 570 2681 ln
594 2635 646 2680 te
667 2622 935 2698 corrigere
958 2619 1144 2692 volui,
1176 2634 1239 2678 ιιι
1266 2619 1428 2679 scires
1458 2618 1709 2716 contagia
1727 2637 1862 2697 quo-

131 2708 297 2774 modo
326 2709 603 2790 appellare
630 2708 978 2768 debeamus.
1018 2735 1044 2761 «
1066 2706 1383 2767 Calumnias
1414 2727 1522 2764 esse
1544 2705 1669 2762 istas
1698 2701 1858 2774 dicis,

130 2809 184 2855 et
211 2819 297 2855 eas
322 2797 388 2856 de
406 2797 812 2878 philosophicae
840 2798 969 2856 artis
991 2796 1347 2857 instructione
1374 2795 1556 2855 venire
1578 2821 1604 2846 >›
1633 2792 1861 2851 arbitra-

130 2883 220 2943 ris.
255 2883 469 2943 Sufficit
510 2885 647 2944 mihi
685 2883 836 2965 quod
876 2885 953 2944 ita
981 2884 1187 2967 putasti
1219 2883 1503 2942 Christum
1541 2878 1608 2940 ad
1653 2894 1860 2939 terrena

129 2970 440 3031 descendise
462 2973 735 3049 contagia,
755 2986 878 3031 utta
889 2995 1007 3032 men
1022 2971 1355 3055 confitereris
1371 2969 1585 3030 nullum
1607 2969 1806 3055 habuis
1788 2972 1863 3027 550

128 3073 437 3144 peccatum.

210 3141 304 3208 VI.
351 3141 500 3208 Illud
528 3161 653 3207 sane
667 3141 821 3230 quod
846 3149 1292 3222 commemoravi,
1314 3161 1508 3233 partus
1539 3145 1857 3241 animalium

190 3251 348 3295 ¹Rom
372 3264 468 3305 vm,
494 3253 563 3299 34.
1839 3259 1852 3264 ⁴·
