2144 3808
339 276 449 335 162
845 293 892 332 ε.
943 289 1252 341 Aueusrrm
1293 288 1556 338 nmscorr
1581 334 1586 339 ,

329 374 489 435 Unde
514 394 704 459 quaeso
739 372 1052 451 distinguiS,
1102 372 1249 432 unde
1294 371 1555 432 discernis
1594 371 1814 432 Patrem
1849 368 2015 429 dixise
2042 392 2057 428 ε

329 489 358 519 «
389 463 510 523 Fiat
535 462 629 524 lux
648 510 664 536 ,
699 457 726 518 ὲ)
753 476 808 522 et
835 464 1070 521 caetera?
1101 462 1323 523 Patrem
1351 461 1588 542 denique
1620 459 1810 518 dixisse
1846 481 1861 517 z
1900 485 1927 512 «
1954 462 2065 527 Fa-

329 579 358 607 »
384 552 593 620 ciamus
609 551 895 617 hominem
915 577 942 604 ›>
962 550 1033 607 Et
1053 549 1254 610 Filium
1275 548 1466 608 dixisse
1494 571 1516 606 ι»
1545 575 1571 602 «
1597 548 1882 608 Faciamus
1909 546 1957 605 ei
1975 545 2067 615 ad-

331 667 360 695 »
382 639 695 716 jutorium'?
715 666 742 693 ›>
765 637 909 696 Cum
930 635 1039 696 tibi
1071 637 1362 718 Scriptura
1388 636 1595 719 ubique
1620 658 1732 695 non
1760 636 1911 714 dicat
1939 634 2064 707 nisi,

328 729 483 788 Dixit
524 733 694 791 Deus,
750 727 893 802 Quae
919 739 999 786 est
1039 726 1142 787 ista
1168 720 1464 796 temeritaS,
1499 745 1626 807 quae
1664 727 2069 806 praesumptio?

327 815 542 876 Deinde
570 837 701 875 cum
727 815 852 875 ideo
882 816 1102 875 Patrem
1131 818 1397 893 majorem
1422 813 1634 872 soleatis
1658 833 1911 884 asserere,
1940 811 2070 892 quia

330 902 488 977 dixit,
527 903 650 963 Fiat
668 903 802 976 hoc,
825 917 918 964 aut
940 902 1103 976 illud,
1138 916 1403 985 tanquam
1424 900 1626 979 jubens
1655 900 1794 960 Filio
1817 925 1834 969 ;
1868 899 2068 963 Filium

330 1013 455 1053 vere
484 991 610 1058 ideo
630 992 899 1052 minorem
922 1040 937 1066 ,
970 992 1102 1075 quia
1122 995 1272 1069 jussa
1292 991 1557 1073 perfecit:
1593 989 1725 1072 quia
1753 988 1957 1057 dicturi
1980 1009 2069 1046 es-

329 1084 420 1155 tis,
445 1083 545 1141 ubi
573 1083 970 1164 scriptumest:
994 1111 1020 1139 c<
1050 1083 1334 1142 Faciamus
1361 1080 1644 1149 hominem
1668 1083 1691 1139 Ρ
1717 1106 1744 1134 >>
1770 1080 1899 1138 Non
1922 1077 2070 1136 enim

341 1171 415 1229 ait
437 1171 579 1230 sicut
609 1172 667 1229 in
689 1171 1084 1253 superioribUS,
1123 1173 1245 1230 Fiat
1267 1171 1456 1243 homo,
1484 1183 1749 1251 tanquam
1773 1167 1832 1227 id
1855 1165 2076 1243 J'usserit

333 1259 514 1318 Filio:
559 1259 687 1318 sed:
726 1287 752 1314 c<
780 1260 1082 1327 Faciamus,
1127 1259 1333 1341 inquit,
1367 1258 1671 1318 hominem.
1704 1284 1730 1311 »
1763 1254 1934 1330 Quod
1964 1275 2076 1320 non

335 1369 524 1428 quaero
543 1368 706 1427 quern
732 1347 922 1406 dixisse
943 1347 1222 1406 arbitreris
1249 1370 1263 1404 ι
1292 1351 1411 1423 jam
1432 1346 1577 1404 enim
1610 1344 1780 1404 verba
1813 1356 1909 1401 tua
1933 1355 2078 1400 tene-

339 1456 483 1507 mUS,
511 1435 665 1516 quod
695 1435 857 1494 Pater
902 1435 1013 1494 hoc
1054 1435 1249 1494 dixerit
1285 1435 1443 1493 Filio.
1504 1434 1620 1492 Cur
1661 1454 1787 1509 ergo
1825 1453 1937 1490 non
1979 1429 2075 1502 ait,

328 1523 480 1597 Fiat,
505 1522 592 1595 vel
611 1521 737 1591 fac3
774 1523 865 1582 sed
893 1524 968 1582 ait
997 1546 1011 1581 ε
1041 1550 1068 1577 α
1097 1523 1399 1582 Faciamus,
1427 1549 1453 1575 2>
1484 1522 1571 1581 An
1591 1533 1787 1580 caetera
1804 1521 1948 1578 Deus
1969 1517 2081 1576 im-

349 1611 583 1693 peravit,
615 1625 667 1670 et
700 1611 869 1670 Filius
913 1611 1080 1681 fecit3
1134 1611 1414 1670 hominem
1438 1631 1566 1670 vero
1613 1609 1779 1668 ambo
1808 1606 2073 1677 fecerunt,

349 1699 444 1758 sed
480 1700 643 1759 Patre
675 1712 728 1759 et
763 1701 1027 1777 jubente,
1063 1714 1117 1759 et
1165 1712 1522 1781 cooperante,
1559 1697 1699 1757 Filio
1733 1709 1917 1756 autem
1966 1716 2084 1754 non

333 1788 589 1864 jubente,
614 1788 706 1847 sed
734 1789 949 1848 tantum
970 1795 1119 1866 iussa
1145 1787 1413 1848 faciente?
1451 1786 1560 1846 Sed
1589 1787 1634 1845 si
1661 1799 1955 1867 propterea
1981 1785 2084 1841 Pa-

342 1890 480 1935 trem
493 1877 782 1953 jubentem
803 1878 1081 1955 intelligis,
1112 1878 1242 1960 quia
1267 1878 1535 1959 scriptum
1551 1888 1666 1934 est:
1694 1873 1884 1932 «Dixit
1902 1873 2082 1939 Deus;

340 1993 367 2019 »
386 1966 672 2026 Faciamus
686 1967 971 2027 hominem
995 1991 1008 2025 ε
1030 1995 1057 2022 ›>
1078 1989 1205 2044 ergo
1224 1967 1387 2044 jussit
1417 1979 1470 2025 et
1497 1964 1696 2034 Filius;
1726 1963 1859 2045 quio
1881 1975 1943 2020 tu
1971 1960 2089 2040 ipse

350 2075 462 2112 non
512 2055 732 2114 Patrem
777 2056 984 2138 accipis
1027 2056 1240 2127 dixisse,
1278 2054 1371 2114 sed
1402 2053 1641 2117 Filium:
1675 2079 1702 2106 α
1730 2050 2016 2109 Faciamus
2039 2046 2088 2106 ei

345 2170 373 2197 >2
406 2141 763 2220 adjutorium.
802 2171 829 2198 ›>
853 2145 923 2206 Et
952 2145 1093 2204 sicut
1120 2142 1260 2203 illud
1296 2143 1398 2211 ubi
1426 2142 1641 2205 dictum
1669 2152 1747 2199 est
1775 2161 1790 2196 ι
1821 2138 1932 2196 «Et
1957 2134 2090 2194 fecit

351 2260 379 2287 ›>
410 2236 563 2290 Deus
579 2230 894 2304 hominem3
922 2259 949 2288 ›>
972 2233 1218 2296 obedisse
1240 2232 1463 2309 jubenti
1482 2229 1633 2296 Patri
1662 2227 1862 2288 Filium
1888 2223 1971 2285 vis
2001 2223 2090 2283 vi·-

350 2321 489 2394 deri,
513 2322 644 2404 quia
659 2323 822 2381 Pater
836 2322 1075 2382 dixerat:
1094 2349 1121 2376 c<
1142 2322 1427 2381 Faciamus
1446 2319 1726 2379 hominem
1752 2339 1767 2374 ι
1789 2343 1813 2370 »
1835 2315 1912 2373 ita
1929 2311 2092 2371 etiam

352 2411 452 2471 ubi
481 2410 708 2488 legimus
736 2434 751 2470 ε
780 2438 807 2466 ε(
839 2415 911 2471 Et
937 2411 1166 2473 immisit
1198 2410 1472 2470 Dominus
1496 2428 1748 2490 soporem
1787 2405 1845 2464 in
1889 2400 2088 2471 Adam,

349 2527 377 2557 ι)
406 2511 459 2558 et
482 2500 716 2580 sumpsit
731 2522 897 2561 unam
925 2500 993 2560 de
1015 2500 1177 2560 costis
1198 2504 1315 2577 ejus
1333 2499 1382 2568 1,
1402 2526 1428 2552 >2
1459 2511 1513 2557 et
1538 2510 1758 2566 caetera,
1787 2491 1988 2573 quibus
2012 2509 2093 2547 os-

354 2587 599 2648 tenditur
616 2588 825 2648 factum
842 2590 1060 2649 homini
1081 2611 1191 2648 esse
1215 2587 1577 2664 adjutorium,
1601 2582 1847 2648 obedisse
1869 2581 2095 2637 Patrem

350 2676 571 2755 jubenti
592 2677 754 2748 Filio,
790 2692 842 2736 te
863 2692 1108 2748 auctore,
1134 2676 1504 2752 intelligamus
1528 2699 1543 2743 ;
1575 2672 1704 2753 quia
1720 2691 1833 2728 non
1849 2670 2091 2737 Patrem,

358 2764 452 2823 sed
497 2764 697 2848 Filium
728 2765 920 2825 dixisse
947 2765 1166 2837 asseriS,
1201 2792 1227 2818 c<
1251 2763 1536 2831 Faciamus
1571 2762 1621 2819 ei
1677 2756 2031 2835 adjutorium.
2069 2778 2095 2805 >³

450 2855 511 2913 3⁰
557 2853 663 2912 Sed
693 2854 818 2914 haec
844 2857 922 2914 ita
947 2855 1144 2937 loquor
1165 2900 1179 2926 ,
1209 2851 1364 2933 quasi
1386 2850 1456 2909 ad
1483 2870 1703 2908 causam
1729 2866 1854 2927 quae
1878 2865 1909 2901 a
1935 2841 2095 2923 nobis

369 2942 578 3020 agitur,
629 2943 937 3025 quidquam
977 2942 1283 3024 pertineat,
1335 2937 1628 3020 quodlibet
1677 2935 1812 2995 hinc
1858 2930 2095 2993 volueris

360 3031 576 3092 credere
612 3046 705 3091 aut
733 3033 1016 3114 suspicari.
1052 3037 1314 3103 Prorsu8‚
1348 3030 1493 3089 sicut
1520 3027 1660 3087 dicis
1681 3073 1696 3098 ,
1731 3030 1893 3084 Pater
1913 3026 2096 3098 jusse-

366 3120 442 3180 rit
468 3167 485 3194 ,
527 3120 625 3179 ubi
659 3120 872 3182 dictum
908 3135 988 3181 est
1031 3143 1046 3180 ε
1084 3119 1411 3179 «Faciamus
1446 3116 1730 3178 hominem
1751 3139 1768 3184 ;
1790 3140 1817 3169 »
1846 3124 1901 3171 et
1926 3108 2094 3170 Filius

417 3225 432 3255 ¹
454 3227 558 3268 Gen.
583 3239 629 3275 11,
652 3239 720 3266 21.
