2144 3808
370 344 448 416 44
902 360 946 398 s,
1000 358 1309 398 Auensrrm
1351 360 1608 403 EPISCOPI

371 441 554 501 minus
574 440 707 500 dixit
734 462 748 498 ε
782 466 808 494 (ι
838 440 1060 500 Coelum
1085 454 1137 499 et
1168 455 1311 501 terra
1338 446 1680 518 transibunt,
1717 448 1886 507 verba
1915 461 2097 507 autem

374 557 403 585 »
425 551 546 588 mea
570 552 678 588 non
702 529 1121 610 praeteribunt&
1153 556 1179 582 >)
1500 518 1509 525 ⁹

462 632 554 699 ¹7⁰
587 646 614 672 c<
646 619 875 676 Constat
903 617 1053 698 quod
1082 618 1140 676 in
1168 618 1447 700 principio
1487 635 1600 680 erat
1630 623 1798 682 Filius
1816 670 1831 695 ‚
1866 638 1917 683 et
1946 625 2099 706 apud

371 712 592 766 Patrem
621 719 737 764 erat
753 753 768 777 ,
803 718 855 764 et
877 707 1021 764 Deus
1048 719 1163 764 erat
1186 728 1200 763 ε
1236 720 1288 764 et
1314 707 1410 766 hic
1433 722 1546 767 erat
1566 710 1624 768 in
1645 711 1924 792 principio
1946 712 2100 793 apud

369 800 551 856 Deum
568 843 584 868 ,
619 808 683 853 ut
700 794 1098 875 primogenitus
1128 796 1303 853 omnis
1329 799 1633 856 creaturae2
1661 822 1675 857 ε
1711 812 1764 858 et
1791 801 1973 859 omnia
1998 823 2100 882 per

366 886 550 966 ipsum
581 884 728 943 facta
755 897 882 942 sunt
902 931 917 958 ,
951 897 1005 942 et
1029 884 1141 943 sine
1167 884 1289 965 ipso
1307 884 1516 944 factum
1541 900 1619 945 est
1646 888 1789 947 nihil
1814 911 1828 946 ε
1862 889 2013 970 quod
2040 889 2100 948 in

370 973 610 1054 Spiritus
631 972 804 1031 sancti
822 993 1055 1053 persona
1081 972 1284 1053 suscipi
1301 994 1414 1031 non
1439 988 1635 1055 potest.
1670 977 1783 1035 Nec
1806 977 1952 1034 enim
1971 975 2102 1035 talia

366 1062 606 1123 invenies
638 1060 827 1120 referri
861 1083 921 1120 ex
963 1062 1163 1121 divinis
1195 1062 1528 1144 Scriptum,
1563 1078 1625 1123 ut
1663 1086 1789 1124 eum
1833 1065 2101 1146 aequalem

369 1172 567 1210 asseras
599 1150 756 1209 Filio.
792 1150 1078 1231 Siquidem
1099 1164 1153 1209 et
1182 1150 1351 1209 Filius
1372 1152 1430 1209 in
1452 1153 1731 1234 principio
1755 1166 1871 1211 erat
1895 1175 1909 1210 z
1939 1156 2103 1212 Pater

365 1261 495 1299 vero
529 1252 651 1298 ante
675 1240 1017 1321 principium
1049 1253 1102 1298 et
1138 1239 1251 1297 sine
1292 1240 1574 1321 principio
1602 1254 1713 1313 est,
1746 1254 1808 1299 ut
1831 1241 2102 1317 ingenitus

366 1341 419 1386 et
441 1329 677 1389 innatus,
715 1330 848 1410 Erat
876 1342 1056 1387 autem
1079 1329 1138 1386 in
1155 1328 1436 1410 principio
1463 1343 1525 1387 ut
1554 1330 1953 1411 primogenitus
1977 1352 2102 1389 om-

365 1417 449 1475 nis
494 1417 818 1478 creaturae3.
870 1420 1010 1476 Ante
1041 1439 1259 1476 omnem
1286 1431 1592 1476 creaturam
1618 1432 1764 1489 erat,
1807 1432 2102 1499 antequam

367 1505 644 1586 quidquid
673 1512 841 1575 esset,
876 1519 928 1564 et
952 1506 1103 1587 apud
1132 1507 1310 1564 Deum
1333 1520 1449 1565 erat
1470 1554 1485 1579 ,
1516 1520 1568 1565 et
1591 1508 1738 1566 Deus
1757 1521 1901 1580 erat,
1931 1507 2101 1568 ethic

366 1607 482 1651 erat
509 1594 568 1652 in
590 1594 873 1674 principio
901 1593 1051 1674 apud
1079 1595 1277 1653 Deum.
1308 1620 1335 1647 ›>

457 1681 573 1740 18⁰.
618 1708 644 1735 ε(
671 1682 825 1753 Quid
870 1682 915 1739 si
955 1681 1190 1740 audieris
1233 1686 1451 1740 Patrem
1499 1682 1772 1742 dicentem
1797 1707 1812 1741 ε
1833 1710 1860 1738 «
1891 1684 2101 1743 Tecum

363 1795 391 1824 >³
424 1770 766 1851 principium
790 1771 850 1829 in
881 1770 968 1829 die
996 1770 1215 1830 virtutis
1243 1783 1354 1829 tuae
1377 1818 1391 1843 ,
1425 1772 1484 1829 in
1519 1772 1908 1854 splendoribus
1937 1794 2101 1832 sanc-

367 1885 395 1912 »
426 1872 606 1918 torum
633 1882 693 1918 ex
735 1873 888 1918 utero
916 1873 1039 1918 ante
1066 1859 1354 1934 luciferum
1385 1862 1546 1936 genui
1576 1874 1628 1919 te
1659 1861 1721 1921 4?
1755 1887 1781 1915 >³
1806 1863 1885 1920 Ex
1911 1875 2101 1922 ventre

363 1950 572 2022 matriS‚
601 1949 752 2030 quod
775 1971 875 2009 nec
905 1951 937 2007 J
944 1949 1088 2007 uclaei
1117 1948 1401 2022 diffidunt,
1458 1964 1653 2009 natum
1699 1952 1973 2033 profiteris
2013 1973 2100 2010 se-

365 2039 612 2098 cundum
632 2061 870 2099 carnem.
911 2041 1103 2097 Etcur
1124 2039 1226 2096 ista
1269 2039 1580 2098 testimonia
1607 2041 1665 2099 in
1703 2041 1947 2099 medium
1989 2062 2100 2099 non

359 2128 734 2209 proferantur,
757 2149 885 2208 quae
908 2127 1061 2186 illam
1090 2127 1435 2186 nativitatem
1466 2128 1841 2187 demonstrant
1863 2130 1922 2187 in
1944 2130 2101 2210 prin·

361 2217 534 2298 cipio,
560 2217 703 2275 sicut
750 2230 804 2275 et
838 2215 1156 2297 praecedens
1202 2237 1300 2274 nos
1337 2215 1559 2274 instruit
1587 2217 2009 2275 testimonium?
2038 2216 2099 2275 Si

360 2318 591 2386 propter
626 2327 827 2386 corpus
850 2306 909 2364 in
936 2326 1047 2385 quo
1077 2304 1369 2363 exinanivit
1389 2305 1740 2386 semetipsum
1769 2305 1816 2378 5,
1843 2306 1940 2387 qui
1964 2326 2093 2364 cum

363 2393 514 2451 dives
534 2407 687 2466 esset,
714 2406 942 2474 propter
963 2414 1060 2451 nos
1084 2413 1299 2473 pauper
1319 2391 1495 2451 factus
1515 2407 1594 2452 est
1615 2440 1630 2465 ‚
1665 2407 1728 2452 ut
1746 2394 1822 2452 ait
1854 2397 2099 2475 Aposto-

362 2478 470 2554 lus,
490 2481 795 2540 debitorem
824 2503 877 2539 se
901 2481 1062 2539 sentit
1099 2501 1195 2539 suo
1227 2480 1479 2539 Genitori
1504 2482 1527 2518 ⁶
1556 2505 1570 2539 ε
1605 2482 1780 2541 multo
1812 2483 1981 2558 magis
1997 2483 2094 2562 qui

361 2570 521 2629 illum
549 2583 763 2629 tantum
793 2591 856 2629 ac
877 2570 1040 2628 talem
1072 2569 1289 2645 genuit,
1323 2570 1372 2627 ei
1406 2569 1651 2629 debitam
1695 2570 2099 2630 venerationem

359 2673 413 2719 et
429 2659 680 2718 debitum
703 2660 1054 2740 obsequium,
1082 2671 1143 2716 ut
1165 2657 1514 2716 charissimus
1550 2657 1718 2716 Filius
1753 2679 1964 2717 necesse
2013 2671 2092 2716 est

364 2763 428 2807 ut
457 2771 668 2830 semper
699 2750 886 2808 offerat
908 2770 1005 2806 suo
1027 2746 1291 2805 Genitori.
1326 2746 1554 2826 Optime
1582 2761 1902 2827 prosecutus
1934 2768 1988 2805 es
2009 2746 2093 2806 di-

363 2859 519 2909 cem,
546 2838 815 2918 quoniam
849 2851 902 2896 et
929 2835 1252 2917 parentibus
1284 2848 1513 2915 propter
1543 2834 1775 2894 formam
1797 2835 1935 2895 servi
1964 2849 2098 2894 esset

363 2926 641 3003 subjectus
663 2926 706 2986 7.
743 2927 801 2984 Si
829 2926 971 2984 enim
1003 2923 1323 3005 parentibus
1348 2925 1631 3000 subjectus
1661 2924 1939 2985 invenitur
1958 2945 2098 3005 quos

359 3015 477 3095 ipse
504 3014 730 3086 creavit,
766 3015 895 3095 quia
921 3013 1101 3071 omnia
1123 3033 1223 3092 per
1249 3011 1432 3092 ipsum
1453 3026 1580 3070 sunt
1602 3013 1752 3072 facta
1791 3035 1804 3071 :
1834 3035 1934 3071 nec
1950 3012 2096 3070 enim

359 3116 487 3185 post
510 3117 778 3184 tempora,
806 3102 900 3161 sed
926 3115 1049 3160 ante
1078 3114 1327 3181 tempora
1352 3102 1605 3161 novimus
1631 3102 1829 3160 Filium
1854 3102 2096 3179 genitum

423 3229 437 3258 ¹
458 3227 607 3271 Matth.
631 3241 740 3278 xxiv,
768 3228 905 3269 35.—-
939 3224 959 3254 2
978 3228 1098 3267 Joan.
1118 3240 1150 3279 1,
1175 3239 1214 3268 1.
1244 3245 1301 3256 ·-
1322 3222 1342 3255 ³
1361 3227 1515 3269 Coloss.
1537 3243 1572 3282 1,
1601 3229 1671 3272 15.
1694 3250 1753 3259 -
1775 3222 1794 3255 ⁴
1819 3225 1922 3268 Psal.
1947 3238 2029 3276 ctx,
2051 3226 2094 3266 3·

360 3319 413 3329 -
435 3293 452 3325 ⁵
470 3293 616 3351 Philip.
636 3309 683 3345 11,
709 3309 750 3346 7.
771 3315 824 3326 —
850 3290 870 3321 ὃ
898 3308 919 3334 2
945 3295 1037 3336 Cor.
1058 3305 1287 3344 v111‚9.—
1305 3292 1323 3323 ⁷
1348 3298 1442 3340 Luc.
1468 3310 1520 3347 11,
1545 3295 1614 3335 51.
