2144 3808
326 321 437 380 118
582 369 588 375 .
824 337 871 377 s,
924 334 1229 376 mensum
1273 335 1547 376 Ertscom.

399 423 459 481 3⁰
488 447 514 474 a
542 418 795 479 Diversas
815 465 829 487 ‚
859 419 1043 501 inquis
1064 466 1079 490 ‚
1104 439 1426 478 accusamur
1449 418 1629 477 dicere
1647 431 1886 480 naturas
1920 446 1948 474 ν
1976 420 2050 481 Et

315 509 453 592 quid
483 507 635 569 aliud
663 507 800 567 dicis
831 507 899 566 de
929 508 1045 565 Deo
1076 508 1238 582 Patre
1272 520 1338 565 et„
1363 508 1476 564 Deo
1507 507 1645 566 Filio
1667 555 1681 578 ‚
1730 507 1876 591 quid·
1897 506 2049 569 aliud

316 599 454 659 dicis
466 601 503 657 ’θ’
531 598 618 657 An
646 595 771 655 ideo
801 608 964 676 putas
993 593 1065 655 ab
1101 596 1204 654 ista
1235 595 1578 654 accusatione
1614 597 1871 677 purgari,
1920 596 2051 677 quia

315 687 577 771 continuo
605 684 891 760 subjungis
931 682 1159 742 dicens:
1204 709 1231 737 c<
1260 684 1383 742 Hoc
1414 683 1550 744 scito
1588 685 1738 764 quod
1772 707 1870 746 nos
1904 685 2051 747 dici-

313 797 467 847 muS‚
507 772 662 856 quod
697 775 861 832 Pater
889 772 1129 853 Spiritus
1157 771 1430 853 Spiritum
1454 772 1641 848 genuit
1662 819 1677 843 ‚
1715 773 1841 835 ante.
1868 773 2049 835 omnia

314 863 514 923 saecula
540 864 682 921 Deus
709 862 883 920 Deum
908 860 1131 937 genuit?
1159 887 1185 914 >2
1212 861 1333 920 Hoc
1363 859 1585 940 quidem
1615 860 1797 923 dicitis
1817 908 1833 933 ‚
1864 874 1918 923 et
1949 882 2048 921 ve.-

311 974 437 1013 rum
467 951 652 1012 dicitis
683 973 698 1009 z
735 950 828 1009 sed
852 950 963 1011 hoc
993 949 1244 1022 tacuisti,
1272 950 1424 1031 quod
1449 948 1648 1011 falsum
1672 964 1727 1010 et
1752 949 2050 1013 execrabile

314 1041 499 1102 dicitis
523 1063 540 1100 ε
577 1067 604 1095 <‹
631 1039 871 1122 Spiritus
901 1039 1047 1098 enim
1084 1038 1353 1119 Spiritum
1384 1039 1598 1115 genuit,
1625 1065 1652 1091 »
1680 1061 1872 1099 verum
1902 1038 2048 1100 dici-

314 1131 383 1190 tis
407 1152 423 1188 z
452 1128 546 1196 sed
570 1129 680 1187 hoc
708 1149 895 1188 verum
925 1148 987 1187 ea
1015 1127 1318 1188 intentione
1353 1147 1448 1187 vos
1487 1127 1668 1186 dicitis
1688 1174 1702 1203 ‚
1728 1128 1859 1210 quia
1885 1127 2049 1189 etiam

313 1217 542 1277 diversae
585 1230 800 1278 naturae
842 1215 1049 1276 dicitur
1094 1216 1338 1296 spiritus,
1397 1215 1537 1274 Nam
1581 1215 1809 1275 diversae
1837 1228 2050 1277 naturae

313 1320 441 1366 sunt
469 1306 710 1387 Spiritus
734 1304 869 1377 Dei,
903 1304 1013 1365 sive
1039 1304 1282 1384 Spiritus
1309 1305 1456 1362 Deus
1480 1350 1495 1375 ‚
1527 1316 1580 1364 et
1609 1304 1831 1384 spiritus
1863 1303 2050 1365 homi-

312 1395 427 1467 niS,
459 1407 514 1452 et
536 1407 717 1453 tamen
749 1405 978 1472 uterque
1001 1390 1213 1454 dicitur
1234 1392 1475 1472 spiritus.
1523 1392 1659 1452 Item
1689 1391 1915 1452 diversae
1945 1413 2043 1453 na.-

312 1496 455 1543 turae
485 1496 613 1542 sunt
640 1481 864 1563 spiritus
889 1480 1130 1541 hominis
1165 1493 1219 1540 et
1254 1480 1479 1560 spiritus
1508 1480 1719 1560 pecoris
1739 1526 1754 1552 ‚
1788 1493 1842 1538 et
1869 1472 2078 1540 tamen'

312 1571 674 1631 nihilominus
705 1583 934 1651 uterque
955 1569 1179 1649 spiritus
1208 1568 1432 1629 dicitur.
1481 1569 1620 1630 Item
1649 1568 1874 1639 dicitur,
1904 1569 2050 1629 Deus

315 1662 461 1721 Deus
482 1708 495 1732 ‚
527 1673 582 1720 et
611 1659 819 1719 dicitur
839 1657 971 1717 deus
998 1657 1170 1717 homo
1197 1679 1211 1717 ε
1242 1657 1387 1715 sicut
1409 1656 1621 1715 dictum
1647 1670 1760 1728 est,
1787 1656 1878 1717 Dii
1900 1656 2040 1718 estis,

313 1752 387 1810 Et
415 1752 558 1810 sicut
585 1749 747 1808 datus
775 1760 854 1806 est
879 1746 1013 1806 deus
1038 1747 1252 1826 Moyses
1277 1741 1575 1805 Pharaoni.
1610 1747 1682 1804 Et
1702 1767 1830 1807 cum
1856 1746 1925 1804 sit
1950 1745 2051 1805 Dei

283 1854 366 1900 »εἴ
387 1838 628 1899 bominis
649 1837 861 1899 diversa
889 1835 1225 1906 substantia,
1261 1847 1445 1897 tamen
1483 1847 1708 1916 uterque
1742 1833 2051 1915 appellatur

313 1931 459 1990 Deus
477 1928 521 1988 ¹.
570 1929 800 1986 Prorsus
828 1924 1091 1987 veraciter
1114 1923 1443 2000 arguimini,
1476 1923 1729 2003 quamvis
1751 1923 1946 1984 dicatis
1979 1922 2050 1986 de

312 2021 430 2081 Deo
451 2019 615 2097 Patre
635 2028 689 2075 et
708 2016 824 2074 Deo
849 2012 987 2074 Filio
1017 2035 1031 2071 ε
1058 2039 1083 2066 «
1112 2012 1352 2094 Spiritus
1374 2012 1645 2093 Spiritum
1668 2012 1876 2088 genuit,
1901 2038 1928 2065 ι)
1951 2033 2047 2071 na..

313 2120 464 2167 tura-s
496 2119 680 2166 tamen
710 2103 950 2167 diversas
975 2102 1156 2166 dicere
1186 2123 1201 2160 ε
1226 2114 1280 2163 et
1301 2101 1554 2182 quamvis
1582 2101 1778 2164 dicatis
1807 2123 1821 2159 ε
1850 2127 1878 2157 <‹
1899 2103 2047 2161 Deus

313 2199 494 2256 Deum
525 2194 714 2272 genuit
730 2240 746 2266 ,
773 2220 801 2253 ›.>
829 2193 1002 2253 etiam
1022 2191 1100 2275 sic
1127 2212 1240 2254 non
1275 2190 1524 2251 recedere
1549 2213 1579 2249 a
1603 2190 1914 2251 diversitate
1942 2212 2047 2251 na-

313 2298 485 2358 turas,
519 2284 651 2366 quia
676 2304 788 2343 non
806 2303 908 2363 per
940 2280 1126 2343 omnia
1155 2278 1383 2343 similem
1414 2279 1569 2338 Patri
1594 2300 1704 2340 esse
1742 2278 1925 2339 dicitis
1949 2278 2046 2338 Fi-

311 2374 468 2435 lium.
506 2373 647 2432 Nam
670 2371 715 2432 si
740 2392 841 2452 per
868 2370 1054 2430 omnia
1080 2367 1312 2429 similem
1343 2367 1622 2440 dicerem,
1655 2378 2050 2448 consequenter

310 2460 781 2538 intelligeremini,
810 2459 961 2540 quod
990 2481 1079 2518 eos
1107 2458 1358 2517 diceretis
1385 2458 1548 2516 etiam
1584 2456 1745 2515 unius
1771 2456 2047 2533 ejusdem-

313 2574 420 2634 que
448 2573 557 2610 esse
583 2563 797 2609 naturae
829 2550 939 2609 sive
962 2548 1300 2608 substantiae.
1340 2547 1398 2605 Si
1425 2568 1551 2623 ergo
1581 2547 1652 2604 ab
1681 2547 1792 2604 hoc
1820 2544 2046 2603 crimine

313 2639 466 2723 quod
495 2639 653 2699 vobis
688 2631 981 2716 objicitur,
1016 2639 1118 2696 Dei
1148 2636 1324 2694 Patris
1358 2649 1412 2692 et
1451 2634 1550 2692 Dei
1581 2633 1705 2691 Filii
1743 2654 1838 2692 vos
1863 2632 2045 2691 dicere

311 2744 536 2789 naturas
572 2749 691 2796 esset
723 2727 995 2806 diversas,
1039 2746 1273 2807 purgare
1311 2737 1361 2781 te
1391 2721 1638 2798 cogitas:
1679 2721 1821 2779 sicut
1859 2720 2039 2779 dicisz

314 2818 571 2899 Spiritus·
597 2816 868 2897 Spiritum
913 2815 1098 2894 genuit
1124 2839 1140 2883 ;
1169 2840 1195 2867 »
1245 2813 1322 2871 ita
1358 2810 1481 2880 dic,
1525 2810 1759 2891 Spiritus
1800 2807 2042 2886 ejusdem

310 2919 524 2966 naturae
547 2905 658 2964 sive
681 2905 1003 2965 substantiae
1022 2902 1274 2984 spiritum
1298 2899 1502 2977 genuit.
1532 2901 1671 2958 Item
1697 2899 1838 2958 sicut
1861 2896 1998 2956 dicis
2023 2918 2037 2954 ε

308 3022 336 3049 κ
365 2996 514 3053 Deus
543 2995 721 3052 Deum
759 2994 974 3070 genuit3
1001 3019 1027 3046 2>
1067 2993 1146 3050 ita
1191 2991 1312 3061 dic,
1354 2991 1502 3047 Deus
1547 2988 1790 3065 ejusdem
1829 2998 2043 3045 naturae

309 3084 420 3144 sive
446 3073 768 3141 substantiae
795 3084 970 3141 Deum
1001 3080 1205 3157 genuit.
1242 3078 1364 3137 Hoc
1389 3078 1432 3136 si
1462 3077 1756 3137 credideris
1775 3121 1790 3147 ,
1823 3087 1876 3133 et
1898 3074 2042 3133 dixe-

307 3164 414 3245 ris,
608 3167 679 3228 de
713 3168 824 3230 hac
855 3190 914 3229 re
949 3168 1176 3234 ulterius
1210 3166 1573 3228 accusaberis.
1618 3165 1679 3226 Si
1712 3177 1896 3225 autem
1928 3162 2040 3222 hoc

368 3275 383 3307 ¹
402 3275 507 3318 Psnl.
525 3286 671 3332 Lxxxx,
694 3273 737 3325 6,
755 3279 799 3315 ot
811 3271 940 3316 Exod-
957 3286 1035 3324 vn,
1062 3286 1100 3315 ι.
