<?xml version="1.0" encoding="UTF-8"?>
<!DOCTYPE html PUBLIC "-//W3C//DTD XHTML 1.0 Transitional//EN"
    "http://www.w3.org/TR/xhtml1/DTD/xhtml1-transitional.dtd">
<html xmlns="http://www.w3.org/1999/xhtml" xml:lang="en" lang="en">
 <head>
  <title>
</title>
<meta http-equiv="Content-Type" content="text/html;charset=utf-8" />
  <meta name='ocr-system' content='tesseract 3.04.00' />
  <meta name='ocr-capabilities' content='ocr_page ocr_carea ocr_par ocr_line ocrx_word'/>
</head>
<body>
  <div class='ocr_page' id='page_1' title='image "./operaomniaaccura30auguuoft_0331.png"; bbox 0 0 2144 3808; ppageno 0'>
   <div class='ocr_carea' id='block_1_1' title="bbox 599 317 1828 389">
    <p class='ocr_par' dir='ltr' id='par_1_1' title="bbox 599 317 1828 389">
     <span class='ocr_line' id='line_1_1' title="bbox 599 317 1828 389; baseline 0.002 -16"><span class='ocrx_word' id='word_1_1' title='bbox 599 337 665 374; x_wconf 71' lang='lat' dir='ltr'>nr</span> <span class='ocrx_word' id='word_1_2' title='bbox 711 334 1034 389; x_wconf 69' lang='lat' dir='ltr'>zrmNrrA‘rE,</span> <span class='ocrx_word' id='word_1_3' title='bbox 1082 336 1193 374; x_wconf 75' lang='lat' dir='ltr'>mn.</span> <span class='ocrx_word' id='word_1_4' title='bbox 1248 335 1321 375; x_wconf 88' lang='lat' dir='ltr'>1v.</span> <span class='ocrx_word' id='word_1_5' title='bbox 1715 317 1828 376; x_wconf 79' lang='lat'>321</span> 
     </span>
    </p>
   </div>
   <div class='ocr_carea' id='block_1_2' title="bbox 112 414 1884 3254">
    <p class='ocr_par' dir='ltr' id='par_1_2' title="bbox 112 414 1861 1564">
     <span class='ocr_line' id='line_1_2' title="bbox 112 414 1835 500; baseline -0.001 -22"><span class='ocrx_word' id='word_1_6' title='bbox 112 419 205 479; x_wconf 86' lang='lat' dir='ltr'>illo</span> <span class='ocrx_word' id='word_1_7' title='bbox 226 418 355 500; x_wconf 89' lang='lat' dir='ltr'>quia</span> <span class='ocrx_word' id='word_1_8' title='bbox 384 431 437 476; x_wconf 90' lang='lat' dir='ltr'>et</span> <span class='ocrx_word' id='word_1_9' title='bbox 470 417 528 476; x_wconf 82' lang='lat' dir='ltr'>id</span> <span class='ocrx_word' id='word_1_10' title='bbox 560 416 711 498; x_wconf 87' lang='lat' dir='ltr'>quod</span> <span class='ocrx_word' id='word_1_11' title='bbox 733 428 916 474; x_wconf 88' lang='lat' dir='ltr'>ortum</span> <span class='ocrx_word' id='word_1_12' title='bbox 947 430 1063 475; x_wconf 85' lang='lat' dir='ltr'>erat</span> <span class='ocrx_word' id='word_1_13' title='bbox 1099 415 1313 474; x_wconf 86' lang='lat' dir='ltr'>transiit</span> <span class='ocrx_word' id='word_1_14' title='bbox 1344 414 1413 472; x_wconf 88' lang='lat' dir='ltr'>ad</span> <span class='ocrx_word' id='word_1_15' title='bbox 1442 417 1796 477; x_wconf 63' lang='lat' dir='ltr'>aeternitatem</span> <span class='ocrx_word' id='word_1_16' title='bbox 1819 466 1835 491; x_wconf 82' lang='lat'>‚</span> 
     </span>
     <span class='ocr_line' id='line_1_3' title="bbox 114 504 1839 585; baseline -0.001 -18"><span class='ocrx_word' id='word_1_17' title='bbox 114 509 466 567; x_wconf 87' lang='lat' dir='ltr'>transiturum</span> <span class='ocrx_word' id='word_1_18' title='bbox 488 519 566 564; x_wconf 89' lang='lat' dir='ltr'>est</span> <span class='ocrx_word' id='word_1_19' title='bbox 585 518 638 563; x_wconf 90' lang='lat' dir='ltr'>et</span> <span class='ocrx_word' id='word_1_20' title='bbox 663 518 942 578; x_wconf 87' lang='lat' dir='ltr'>nostrum,</span> <span class='ocrx_word' id='word_1_21' title='bbox 969 518 1098 564; x_wconf 86' lang='lat' dir='ltr'>cum</span> <span class='ocrx_word' id='word_1_22' title='bbox 1126 504 1260 565; x_wconf 89' lang='lat' dir='ltr'>fides</span> <span class='ocrx_word' id='word_1_23' title='bbox 1293 506 1601 585; x_wconf 87' lang='lat' dir='ltr'>pervenerit</span> <span class='ocrx_word' id='word_1_24' title='bbox 1635 506 1702 564; x_wconf 87' lang='lat' dir='ltr'>ad</span> <span class='ocrx_word' id='word_1_25' title='bbox 1741 528 1839 566; x_wconf 87' lang='lat' dir='ltr'>ve-</span> 
     </span>
     <span class='ocr_line' id='line_1_4' title="bbox 118 593 1843 666; baseline -0.001 -10"><span class='ocrx_word' id='word_1_26' title='bbox 118 598 351 656; x_wconf 81' lang='lat' dir='ltr'><strong>ritatem.</strong></span> <span class='ocrx_word' id='word_1_27' title='bbox 395 596 426 652; x_wconf 89' lang='lat' dir='ltr'><strong>J</strong></span> <span class='ocrx_word' id='word_1_28' title='bbox 432 616 519 653; x_wconf 89' lang='lat' dir='ltr'>am</span> <span class='ocrx_word' id='word_1_29' title='bbox 538 594 684 653; x_wconf 89' lang='lat' dir='ltr'>enim</span> <span class='ocrx_word' id='word_1_30' title='bbox 717 593 1066 653; x_wconf 82' lang='lat' dir='ltr'>credentibus</span> <span class='ocrx_word' id='word_1_31' title='bbox 1090 641 1105 666; x_wconf 77' lang='grc'><strong>,</strong></span> <span class='ocrx_word' id='word_1_32' title='bbox 1133 607 1194 651; x_wconf 92' lang='lat' dir='ltr'>ut</span> <span class='ocrx_word' id='word_1_33' title='bbox 1219 593 1277 651; x_wconf 92' lang='lat' dir='ltr'>in</span> <span class='ocrx_word' id='word_1_34' title='bbox 1301 593 1472 653; x_wconf 86' lang='lat' dir='ltr'>verbo</span> <span class='ocrx_word' id='word_1_35' title='bbox 1494 593 1623 652; x_wconf 91' lang='lat' dir='ltr'>fidei</span> <span class='ocrx_word' id='word_1_36' title='bbox 1651 617 1843 654; x_wconf 85' lang='lat' dir='ltr'>mane-</span> 
     </span>
     <span class='ocr_line' id='line_1_5' title="bbox 117 681 1845 764; baseline -0.001 -19"><span class='ocrx_word' id='word_1_37' title='bbox 117 700 267 758; x_wconf 84' lang='lat' dir='ltr'>rent,</span> <span class='ocrx_word' id='word_1_38' title='bbox 312 699 380 743; x_wconf 53' lang='lat' dir='ltr'>etx</span> <span class='ocrx_word' id='word_1_39' title='bbox 406 683 533 743; x_wconf 91' lang='lat' dir='ltr'>inde</span> <span class='ocrx_word' id='word_1_40' title='bbox 569 683 638 742; x_wconf 90' lang='lat' dir='ltr'>ad</span> <span class='ocrx_word' id='word_1_41' title='bbox 677 683 955 744; x_wconf 86' lang='lat' dir='ltr'>veritatem</span> <span class='ocrx_word' id='word_1_42' title='bbox 974 731 989 756; x_wconf 84' lang='lat'>‚</span> <span class='ocrx_word' id='word_1_43' title='bbox 1034 705 1097 742; x_wconf 89' lang='lat' dir='ltr'>ac</span> <span class='ocrx_word' id='word_1_44' title='bbox 1123 705 1223 764; x_wconf 89' lang='lat' dir='ltr'>per</span> <span class='ocrx_word' id='word_1_45' title='bbox 1250 682 1361 741; x_wconf 91' lang='lat' dir='ltr'>hoc</span> <span class='ocrx_word' id='word_1_46' title='bbox 1389 681 1459 740; x_wconf 90' lang='lat' dir='ltr'>ad</span> <span class='ocrx_word' id='word_1_47' title='bbox 1488 683 1845 743; x_wconf 88' lang='lat' dir='ltr'>aeternitatem</span> 
     </span>
     <span class='ocr_line' id='line_1_6' title="bbox 117 771 1850 871; baseline -0.001 -38"><span class='ocrx_word' id='word_1_48' title='bbox 117 775 374 856; x_wconf 89' lang='lat' dir='ltr'>perducti</span> <span class='ocrx_word' id='word_1_49' title='bbox 400 796 430 831; x_wconf 92' lang='lat' dir='ltr'>a</span> <span class='ocrx_word' id='word_1_50' title='bbox 456 786 628 832; x_wconf 89' lang='lat' dir='ltr'>morte</span> <span class='ocrx_word' id='word_1_51' title='bbox 649 772 1031 846; x_wconf 77' lang='lat' dir='ltr'>liberarentur,</span> <span class='ocrx_word' id='word_1_52' title='bbox 1059 773 1135 831; x_wconf 90' lang='lat' dir='ltr'>ita</span> <span class='ocrx_word' id='word_1_53' title='bbox 1159 771 1410 871; x_wconf 43' lang='lat' dir='ltr'>loqu-itur</span> <span class='ocrx_word' id='word_1_54' title='bbox 1445 794 1458 829; x_wconf 72' lang='grc' dir='ltr'>ε</span> <span class='ocrx_word' id='word_1_55' title='bbox 1507 799 1534 825; x_wconf 86' lang='grc'>«</span> <span class='ocrx_word' id='word_1_56' title='bbox 1550 772 1609 830; x_wconf 87' lang='lat' dir='ltr'>Si</span> <span class='ocrx_word' id='word_1_57' title='bbox 1633 794 1850 831; x_wconf 87' lang='lat' dir='ltr'>manse-</span> 
     </span>
     <span class='ocr_line' id='line_1_7' title="bbox 122 858 1857 944; baseline 0.002 -25.021"><span class='ocrx_word' id='word_1_58' title='bbox 122 891 148 919; x_wconf 84' lang='grc'>)</span> <span class='ocrx_word' id='word_1_59' title='bbox 170 864 288 923; x_wconf 91' lang='lat' dir='ltr'>ritis</span> <span class='ocrx_word' id='word_1_60' title='bbox 307 865 364 923; x_wconf 89' lang='lat' dir='ltr'>in</span> <span class='ocrx_word' id='word_1_61' title='bbox 386 863 555 923; x_wconf 87' lang='lat' dir='ltr'>verbo</span> <span class='ocrx_word' id='word_1_62' title='bbox 582 883 701 920; x_wconf 89' lang='lat' dir='ltr'>meo</span> <span class='ocrx_word' id='word_1_63' title='bbox 717 908 732 933; x_wconf 84' lang='lat'><strong>,</strong></span> <span class='ocrx_word' id='word_1_64' title='bbox 765 883 890 921; x_wconf 85' lang='lat' dir='ltr'>vere</span> <span class='ocrx_word' id='word_1_65' title='bbox 914 861 1174 943; x_wconf 88' lang='lat' dir='ltr'>discipuli</span> <span class='ocrx_word' id='word_1_66' title='bbox 1194 862 1303 919; x_wconf 90' lang='lat' dir='ltr'>mei</span> <span class='ocrx_word' id='word_1_67' title='bbox 1327 858 1569 922; x_wconf 62' lang='lat' dir='ltr'>eritis1.»</span> <span class='ocrx_word' id='word_1_68' title='bbox 1598 863 1671 920; x_wconf 90' lang='lat' dir='ltr'>Et</span> <span class='ocrx_word' id='word_1_69' title='bbox 1700 864 1857 944; x_wconf 85' lang='lat' dir='ltr'>quasi</span> 
     </span>
     <span class='ocr_line' id='line_1_8' title="bbox 122 949 1857 1054; baseline -0.001 -43"><span class='ocrx_word' id='word_1_70' title='bbox 122 965 466 1054; x_wconf 83' lang='lat' dir='ltr'>quaererent,</span> <span class='ocrx_word' id='word_1_71' title='bbox 507 951 633 1023; x_wconf 88' lang='lat' dir='ltr'>Quo</span> <span class='ocrx_word' id='word_1_72' title='bbox 666 950 890 1009; x_wconf 70' lang='lat' dir='ltr'>fructu?</span> <span class='ocrx_word' id='word_1_73' title='bbox 934 965 1149 1010; x_wconf 88' lang='lat' dir='ltr'>secutus</span> <span class='ocrx_word' id='word_1_74' title='bbox 1195 949 1318 1008; x_wconf 91' lang='lat' dir='ltr'>ait.</span> <span class='ocrx_word' id='word_1_75' title='bbox 1365 977 1391 1004; x_wconf 84' lang='lat'>«</span> <span class='ocrx_word' id='word_1_76' title='bbox 1415 951 1487 1008; x_wconf 90' lang='lat' dir='ltr'>Et</span> <span class='ocrx_word' id='word_1_77' title='bbox 1520 952 1857 1034; x_wconf 85' lang='lat' dir='ltr'>cognoscetis</span> 
     </span>
     <span class='ocr_line' id='line_1_9' title="bbox 121 1039 1858 1138; baseline 0.001 -41"><span class='ocrx_word' id='word_1_78' title='bbox 121 1070 148 1097; x_wconf 83' lang='grc'>»</span> <span class='ocrx_word' id='word_1_79' title='bbox 179 1043 479 1102; x_wconf 72' lang='lat' dir='ltr'>veritatem.</span> <span class='ocrx_word' id='word_1_80' title='bbox 513 1066 539 1093; x_wconf 75' lang='lat'>&gt;2</span> <span class='ocrx_word' id='word_1_81' title='bbox 571 1041 641 1098; x_wconf 89' lang='lat' dir='ltr'>Et</span> <span class='ocrx_word' id='word_1_82' title='bbox 680 1060 867 1098; x_wconf 88' lang='lat' dir='ltr'>rursus</span> <span class='ocrx_word' id='word_1_83' title='bbox 909 1040 1065 1138; x_wconf 80' lang='lat' dir='ltr'>quasi</span> <span class='ocrx_word' id='word_1_84' title='bbox 1106 1039 1402 1098; x_wconf 86' lang='lat' dir='ltr'>dicerent.</span> <span class='ocrx_word' id='word_1_85' title='bbox 1442 1039 1595 1111; x_wconf 88' lang='lat' dir='ltr'>Quid</span> <span class='ocrx_word' id='word_1_86' title='bbox 1630 1039 1858 1120; x_wconf 87' lang='lat' dir='ltr'>prodest</span> 
     </span>
     <span class='ocr_line' id='line_1_10' title="bbox 122 1127 1857 1209; baseline -0.005 -20"><span class='ocrx_word' id='word_1_87' title='bbox 122 1129 452 1189; x_wconf 83' lang='lat' dir='ltr'>mortalibus</span> <span class='ocrx_word' id='word_1_88' title='bbox 475 1128 707 1188; x_wconf 67' lang='lat' dir='ltr'>veritas?</span> <span class='ocrx_word' id='word_1_89' title='bbox 752 1153 779 1180; x_wconf 71' lang='grc' dir='ltr'>(ε</span> <span class='ocrx_word' id='word_1_90' title='bbox 798 1127 870 1185; x_wconf 85' lang='lat' dir='ltr'>Et</span> <span class='ocrx_word' id='word_1_91' title='bbox 904 1128 1134 1200; x_wconf 81' lang='lat' dir='ltr'>veritaS‚</span> <span class='ocrx_word' id='word_1_92' title='bbox 1163 1127 1371 1209; x_wconf 78' lang='lat' dir='ltr'>inquit,</span> <span class='ocrx_word' id='word_1_93' title='bbox 1402 1127 1663 1186; x_wconf 88' lang='lat' dir='ltr'>liberabit</span> <span class='ocrx_word' id='word_1_94' title='bbox 1683 1150 1798 1188; x_wconf 79' lang='lat' dir='ltr'>vos,</span> <span class='ocrx_word' id='word_1_95' title='bbox 1831 1156 1857 1182; x_wconf 87' lang='lat'>))</span> 
     </span>
     <span class='ocr_line' id='line_1_11' title="bbox 125 1215 1861 1296; baseline 0 -21"><span class='ocrx_word' id='word_1_96' title='bbox 125 1217 284 1275; x_wconf 89' lang='lat' dir='ltr'>Unde</span> <span class='ocrx_word' id='word_1_97' title='bbox 308 1264 322 1288; x_wconf 84' lang='lat'>‚</span> <span class='ocrx_word' id='word_1_98' title='bbox 349 1217 455 1275; x_wconf 84' lang='lat' dir='ltr'>nisi</span> <span class='ocrx_word' id='word_1_99' title='bbox 486 1238 514 1274; x_wconf 93' lang='lat' dir='ltr'>a</span> <span class='ocrx_word' id='word_1_100' title='bbox 544 1228 719 1273; x_wconf 89' lang='lat' dir='ltr'>morte</span> <span class='ocrx_word' id='word_1_101' title='bbox 741 1262 755 1287; x_wconf 85' lang='lat'>‚</span> <span class='ocrx_word' id='word_1_102' title='bbox 782 1238 812 1273; x_wconf 89' lang='lat' dir='ltr'>a</span> <span class='ocrx_word' id='word_1_103' title='bbox 845 1216 1200 1296; x_wconf 79' lang='lat' dir='ltr'>corruptique</span> <span class='ocrx_word' id='word_1_104' title='bbox 1221 1263 1235 1288; x_wconf 82' lang='grc'>,</span> <span class='ocrx_word' id='word_1_105' title='bbox 1263 1238 1292 1273; x_wconf 90' lang='lat' dir='ltr'>a</span> <span class='ocrx_word' id='word_1_106' title='bbox 1321 1215 1728 1275; x_wconf 68' lang='lat' dir='ltr'>mutabilitate?</span> <span class='ocrx_word' id='word_1_107' title='bbox 1749 1217 1861 1275; x_wconf 89' lang='lat' dir='ltr'>Ve-</span> 
     </span>
     <span class='ocr_line' id='line_1_12' title="bbox 127 1304 1861 1387; baseline 0 -23"><span class='ocrx_word' id='word_1_108' title='bbox 127 1306 258 1364; x_wconf 89' lang='lat' dir='ltr'>ritas</span> <span class='ocrx_word' id='word_1_109' title='bbox 280 1305 491 1387; x_wconf 86' lang='lat' dir='ltr'>quippe</span> <span class='ocrx_word' id='word_1_110' title='bbox 509 1304 848 1376; x_wconf 63' lang='lat' dir='ltr'>immortalis„</span> <span class='ocrx_word' id='word_1_111' title='bbox 877 1304 1224 1385; x_wconf 84' lang='lat' dir='ltr'>incorrupta,</span> <span class='ocrx_word' id='word_1_112' title='bbox 1244 1304 1715 1364; x_wconf 84' lang='lat' dir='ltr'>incommutabilis</span> <span class='ocrx_word' id='word_1_113' title='bbox 1736 1328 1861 1387; x_wconf 87' lang='lat' dir='ltr'>per-</span> 
     </span>
     <span class='ocr_line' id='line_1_13' title="bbox 127 1394 1855 1476; baseline 0 -22"><span class='ocrx_word' id='word_1_114' title='bbox 127 1409 329 1463; x_wconf 90' lang='lat' dir='ltr'>manet.</span> <span class='ocrx_word' id='word_1_115' title='bbox 364 1395 504 1453; x_wconf 88' lang='lat' dir='ltr'>Vera</span> <span class='ocrx_word' id='word_1_116' title='bbox 527 1408 707 1452; x_wconf 91' lang='lat' dir='ltr'>autem</span> <span class='ocrx_word' id='word_1_117' title='bbox 728 1394 1109 1453; x_wconf 83' lang='lat' dir='ltr'>immortalitas</span> <span class='ocrx_word' id='word_1_118' title='bbox 1128 1442 1143 1468; x_wconf 85' lang='lat'>‚</span> <span class='ocrx_word' id='word_1_119' title='bbox 1169 1415 1296 1454; x_wconf 87' lang='lat' dir='ltr'>vera</span> <span class='ocrx_word' id='word_1_120' title='bbox 1324 1394 1855 1476; x_wconf 79' lang='lat' dir='ltr'>incorruptibilita33</span> 
     </span>
     <span class='ocr_line' id='line_1_14' title="bbox 127 1482 1423 1564; baseline -0.001 -20"><span class='ocrx_word' id='word_1_121' title='bbox 127 1507 255 1545; x_wconf 87' lang='lat' dir='ltr'>vera</span> <span class='ocrx_word' id='word_1_122' title='bbox 282 1482 836 1554; x_wconf 76' lang='lat' dir='ltr'>incommutabilitaS,</span> <span class='ocrx_word' id='word_1_123' title='bbox 880 1484 1001 1564; x_wconf 90' lang='lat' dir='ltr'>ipsa</span> <span class='ocrx_word' id='word_1_124' title='bbox 1028 1497 1108 1542; x_wconf 88' lang='lat' dir='ltr'>est</span> <span class='ocrx_word' id='word_1_125' title='bbox 1129 1483 1423 1543; x_wconf 76' lang='lat' dir='ltr'>aeternitas·</span> 
     </span>
    </p>

    <p class='ocr_par' dir='ltr' id='par_1_3' title="bbox 129 1570 1884 3254">
     <span class='ocr_line' id='line_1_15' title="bbox 208 1570 1860 1653; baseline -0.001 -21"><span class='ocrx_word' id='word_1_126' title='bbox 208 1573 382 1633; x_wconf 84' lang='lat' dir='ltr'><strong>XXV.</strong></span> <span class='ocrx_word' id='word_1_127' title='bbox 430 1573 573 1630; x_wconf 91' lang='lat' dir='ltr'>Ecce</span> <span class='ocrx_word' id='word_1_128' title='bbox 595 1571 663 1630; x_wconf 88' lang='lat' dir='ltr'>ad</span> <span class='ocrx_word' id='word_1_129' title='bbox 686 1570 838 1653; x_wconf 91' lang='lat' dir='ltr'>quod</span> <span class='ocrx_word' id='word_1_130' title='bbox 862 1572 1055 1630; x_wconf 86' lang='lat' dir='ltr'>missus</span> <span class='ocrx_word' id='word_1_131' title='bbox 1083 1585 1162 1630; x_wconf 90' lang='lat' dir='ltr'>est</span> <span class='ocrx_word' id='word_1_132' title='bbox 1200 1571 1369 1630; x_wconf 86' lang='lat' dir='ltr'>Filius</span> <span class='ocrx_word' id='word_1_133' title='bbox 1409 1572 1531 1645; x_wconf 83' lang='lat' dir='ltr'>Dei,</span> <span class='ocrx_word' id='word_1_134' title='bbox 1577 1572 1692 1632; x_wconf 89' lang='lat' dir='ltr'>imo</span> <span class='ocrx_word' id='word_1_135' title='bbox 1730 1594 1860 1633; x_wconf 88' lang='lat' dir='ltr'>vero</span> 
     </span>
     <span class='ocr_line' id='line_1_16' title="bbox 130 1660 1862 1743; baseline 0 -23"><span class='ocrx_word' id='word_1_136' title='bbox 130 1683 256 1720; x_wconf 90' lang='lat' dir='ltr'>ecce</span> <span class='ocrx_word' id='word_1_137' title='bbox 277 1660 413 1742; x_wconf 89' lang='lat' dir='ltr'>quid</span> <span class='ocrx_word' id='word_1_138' title='bbox 440 1673 519 1719; x_wconf 88' lang='lat' dir='ltr'>est</span> <span class='ocrx_word' id='word_1_139' title='bbox 535 1660 761 1718; x_wconf 86' lang='lat' dir='ltr'>missum</span> <span class='ocrx_word' id='word_1_140' title='bbox 779 1681 888 1718; x_wconf 90' lang='lat' dir='ltr'>esse</span> <span class='ocrx_word' id='word_1_141' title='bbox 909 1660 1108 1718; x_wconf 91' lang='lat' dir='ltr'>Filium</span> <span class='ocrx_word' id='word_1_142' title='bbox 1129 1661 1266 1719; x_wconf 72' lang='lat' dir='ltr'>Dei?</span> <span class='ocrx_word' id='word_1_143' title='bbox 1287 1661 1668 1742; x_wconf 80' lang='lat' dir='ltr'>Quaecumque</span> <span class='ocrx_word' id='word_1_144' title='bbox 1691 1684 1862 1743; x_wconf 89' lang='lat' dir='ltr'>prop-</span> 
     </span>
     <span class='ocr_line' id='line_1_17' title="bbox 131 1749 1868 1831; baseline -0.001 -23"><span class='ocrx_word' id='word_1_145' title='bbox 131 1763 211 1808; x_wconf 87' lang='lat' dir='ltr'>ter</span> <span class='ocrx_word' id='word_1_146' title='bbox 239 1749 547 1809; x_wconf 85' lang='lat' dir='ltr'>faciendam</span> <span class='ocrx_word' id='word_1_147' title='bbox 587 1749 750 1821; x_wconf 88' lang='lat' dir='ltr'>fidem</span> <span class='ocrx_word' id='word_1_148' title='bbox 767 1795 782 1821; x_wconf 82' lang='lat'><strong>,</strong></span> <span class='ocrx_word' id='word_1_149' title='bbox 819 1770 927 1830; x_wconf 87' lang='lat' dir='ltr'>qua</span> <span class='ocrx_word' id='word_1_150' title='bbox 955 1749 1350 1808; x_wconf 86' lang='lat' dir='ltr'>mundaremur</span> <span class='ocrx_word' id='word_1_151' title='bbox 1379 1750 1450 1809; x_wconf 90' lang='lat' dir='ltr'>ad</span> <span class='ocrx_word' id='word_1_152' title='bbox 1484 1751 1868 1831; x_wconf 84' lang='lat' dir='ltr'>contemplan-</span> 
     </span>
     <span class='ocr_line' id='line_1_18' title="bbox 129 1838 1865 1919; baseline -0.001 -20"><span class='ocrx_word' id='word_1_153' title='bbox 129 1839 258 1898; x_wconf 88' lang='lat' dir='ltr'>dam</span> <span class='ocrx_word' id='word_1_154' title='bbox 272 1840 556 1899; x_wconf 87' lang='lat' dir='ltr'>veritatem</span> <span class='ocrx_word' id='word_1_155' title='bbox 575 1886 590 1910; x_wconf 87' lang='lat'>‚</span> <span class='ocrx_word' id='word_1_156' title='bbox 615 1839 674 1896; x_wconf 88' lang='lat' dir='ltr'>in</span> <span class='ocrx_word' id='word_1_157' title='bbox 702 1839 867 1896; x_wconf 86' lang='lat' dir='ltr'>rebus</span> <span class='ocrx_word' id='word_1_158' title='bbox 896 1838 1027 1897; x_wconf 88' lang='lat' dir='ltr'>ortis</span> <span class='ocrx_word' id='word_1_159' title='bbox 1049 1840 1119 1897; x_wconf 87' lang='lat' dir='ltr'>ab</span> <span class='ocrx_word' id='word_1_160' title='bbox 1141 1839 1442 1897; x_wconf 65' lang='lat' dir='ltr'>aeternitate</span> <span class='ocrx_word' id='word_1_161' title='bbox 1462 1838 1689 1919; x_wconf 87' lang='lat' dir='ltr'>prolatis</span> <span class='ocrx_word' id='word_1_162' title='bbox 1711 1853 1763 1897; x_wconf 90' lang='lat' dir='ltr'>et</span> <span class='ocrx_word' id='word_1_163' title='bbox 1794 1839 1865 1898; x_wconf 87' lang='lat' dir='ltr'>ad</span> 
     </span>
     <span class='ocr_line' id='line_1_19' title="bbox 130 1925 1864 2025; baseline -0.001 -38"><span class='ocrx_word' id='word_1_164' title='bbox 130 1928 487 1987; x_wconf 83' lang='lat' dir='ltr'>aeternitatem</span> <span class='ocrx_word' id='word_1_165' title='bbox 512 1927 693 1985; x_wconf 90' lang='lat' dir='ltr'>relatis</span> <span class='ocrx_word' id='word_1_166' title='bbox 709 1925 1082 2007; x_wconf 89' lang='lat' dir='ltr'>temporaliter</span> <span class='ocrx_word' id='word_1_167' title='bbox 1102 1940 1247 2003; x_wconf 85' lang='lat' dir='ltr'>gesta</span> <span class='ocrx_word' id='word_1_168' title='bbox 1268 1939 1418 2025; x_wconf 77' lang='lat' dir='ltr'>sunt,</span> <span class='ocrx_word' id='word_1_169' title='bbox 1441 1939 1534 1984; x_wconf 87' lang='lat' dir='ltr'>aut</span> <span class='ocrx_word' id='word_1_170' title='bbox 1553 1928 1864 1986; x_wconf 82' lang='lat' dir='ltr'>testimonia</span> 
     </span>
     <span class='ocr_line' id='line_1_20' title="bbox 131 2014 1865 2096; baseline -0.001 -20"><span class='ocrx_word' id='word_1_171' title='bbox 131 2017 398 2076; x_wconf 90' lang='lat' dir='ltr'>missionis</span> <span class='ocrx_word' id='word_1_172' title='bbox 426 2016 596 2093; x_wconf 86' lang='lat' dir='ltr'>hujus</span> <span class='ocrx_word' id='word_1_173' title='bbox 628 2014 884 2087; x_wconf 33' lang='lat' dir='ltr'>fueruth</span> <span class='ocrx_word' id='word_1_174' title='bbox 921 2028 1013 2073; x_wconf 92' lang='lat' dir='ltr'>aut</span> <span class='ocrx_word' id='word_1_175' title='bbox 1039 2016 1157 2096; x_wconf 89' lang='lat' dir='ltr'>ipsa</span> <span class='ocrx_word' id='word_1_176' title='bbox 1193 2015 1374 2073; x_wconf 89' lang='lat' dir='ltr'>missio</span> <span class='ocrx_word' id='word_1_177' title='bbox 1427 2014 1551 2073; x_wconf 89' lang='lat' dir='ltr'>Filii</span> <span class='ocrx_word' id='word_1_178' title='bbox 1597 2015 1714 2076; x_wconf 90' lang='lat' dir='ltr'>Dei.</span> <span class='ocrx_word' id='word_1_179' title='bbox 1755 2015 1865 2074; x_wconf 88' lang='lat' dir='ltr'>Sed</span> 
     </span>
     <span class='ocr_line' id='line_1_21' title="bbox 130 2104 1863 2186; baseline -0.001 -22"><span class='ocrx_word' id='word_1_180' title='bbox 130 2105 436 2164; x_wconf 85' lang='lat' dir='ltr'>testimonia</span> <span class='ocrx_word' id='word_1_181' title='bbox 475 2104 732 2186; x_wconf 81' lang='lat' dir='ltr'>quaedam</span> <span class='ocrx_word' id='word_1_182' title='bbox 778 2117 1070 2164; x_wconf 90' lang='lat' dir='ltr'>venturum</span> <span class='ocrx_word' id='word_1_183' title='bbox 1107 2104 1653 2184; x_wconf 76' lang='lat' dir='ltr'>praenuntiaverunt,</span> <span class='ocrx_word' id='word_1_184' title='bbox 1701 2125 1863 2186; x_wconf 85' lang='lat' dir='ltr'>quae-</span> 
     </span>
     <span class='ocr_line' id='line_1_22' title="bbox 133 2172 1866 2281; baseline -0.001 -28"><span class='ocrx_word' id='word_1_185' title='bbox 133 2194 258 2253; x_wconf 84' lang='lat' dir='ltr'>dam</span> <span class='ocrx_word' id='word_1_186' title='bbox 281 2195 486 2254; x_wconf 85' lang='lat' dir='ltr'>venisse</span> <span class='ocrx_word' id='word_1_187' title='bbox 510 2207 702 2252; x_wconf 88' lang='lat' dir='ltr'>testata</span> <span class='ocrx_word' id='word_1_188' title='bbox 730 2207 874 2253; x_wconf 88' lang='lat' dir='ltr'>sunt.</span> <span class='ocrx_word' id='word_1_189' title='bbox 865 2172 1137 2281; x_wconf 84' lang='lat' dir='ltr'>Factum</span> <span class='ocrx_word' id='word_1_190' title='bbox 1181 2193 1390 2274; x_wconf 89' lang='lat' dir='ltr'>quippe</span> <span class='ocrx_word' id='word_1_191' title='bbox 1429 2206 1736 2251; x_wconf 73' lang='lat' dir='ltr'>creaturali]</span> <span class='ocrx_word' id='word_1_192' title='bbox 1766 2215 1866 2274; x_wconf 89' lang='lat' dir='ltr'>per</span> 
     </span>
     <span class='ocr_line' id='line_1_23' title="bbox 133 2282 1869 2365; baseline 0 -23"><span class='ocrx_word' id='word_1_193' title='bbox 133 2305 296 2365; x_wconf 90' lang='lat' dir='ltr'>quem</span> <span class='ocrx_word' id='word_1_194' title='bbox 315 2282 460 2341; x_wconf 85' lang='lat' dir='ltr'>facta</span> <span class='ocrx_word' id='word_1_195' title='bbox 481 2296 560 2341; x_wconf 91' lang='lat' dir='ltr'>est</span> <span class='ocrx_word' id='word_1_196' title='bbox 597 2283 774 2340; x_wconf 89' lang='lat' dir='ltr'>omnis</span> <span class='ocrx_word' id='word_1_197' title='bbox 797 2295 1069 2354; x_wconf 78' lang='lat' dir='ltr'>creatura,</span> <span class='ocrx_word' id='word_1_198' title='bbox 1097 2303 1315 2340; x_wconf 88' lang='lat' dir='ltr'>omnem</span> <span class='ocrx_word' id='word_1_199' title='bbox 1343 2294 1649 2340; x_wconf 87' lang='lat' dir='ltr'>creaturam</span> <span class='ocrx_word' id='word_1_200' title='bbox 1678 2296 1869 2342; x_wconf 84' lang='lat' dir='ltr'>testem</span> 
     </span>
     <span class='ocr_line' id='line_1_24' title="bbox 132 2369 1870 2455; baseline 0 -25"><span class='ocrx_word' id='word_1_201' title='bbox 132 2372 339 2431; x_wconf 87' lang='lat' dir='ltr'>habere</span> <span class='ocrx_word' id='word_1_202' title='bbox 367 2371 674 2451; x_wconf 87' lang='lat' dir='ltr'>oportebat.</span> <span class='ocrx_word' id='word_1_203' title='bbox 713 2370 832 2428; x_wconf 89' lang='lat' dir='ltr'>Nisi</span> <span class='ocrx_word' id='word_1_204' title='bbox 862 2369 1006 2455; x_wconf 79' lang='lat' dir='ltr'>enim</span> <span class='ocrx_word' id='word_1_205' title='bbox 1036 2370 1224 2428; x_wconf 87' lang='lat' dir='ltr'>multis</span> <span class='ocrx_word' id='word_1_206' title='bbox 1274 2370 1448 2428; x_wconf 86' lang='lat' dir='ltr'>missis</span> <span class='ocrx_word' id='word_1_207' title='bbox 1472 2370 1870 2452; x_wconf 81' lang='lat' dir='ltr'>praedicaretur</span> 
     </span>
     <span class='ocr_line' id='line_1_25' title="bbox 135 2458 1874 2531; baseline 0.001 -13"><span class='ocrx_word' id='word_1_208' title='bbox 135 2481 298 2531; x_wconf 85' lang='grc'><strong>1111115,</strong></span> <span class='ocrx_word' id='word_1_209' title='bbox 332 2481 444 2516; x_wconf 83' lang='grc'><strong>11011</strong></span> <span class='ocrx_word' id='word_1_210' title='bbox 488 2458 675 2517; x_wconf 82' lang='lat' dir='ltr'>multis</span> <span class='ocrx_word' id='word_1_211' title='bbox 719 2458 1272 2517; x_wconf 87' lang='lat' dir='ltr'>dimissis·teneretur</span> <span class='ocrx_word' id='word_1_212' title='bbox 1302 2479 1462 2519; x_wconf 87' lang='grc'><strong>1111115.</strong></span> <span class='ocrx_word' id='word_1_213' title='bbox 1502 2461 1571 2518; x_wconf 91' lang='lat' dir='ltr'>Et</span> <span class='ocrx_word' id='word_1_214' title='bbox 1599 2460 1703 2518; x_wconf 90' lang='lat' dir='ltr'>nisi</span> <span class='ocrx_word' id='word_1_215' title='bbox 1744 2460 1874 2519; x_wconf 89' lang='lat' dir='ltr'>talia</span> 
     </span>
     <span class='ocr_line' id='line_1_26' title="bbox 136 2548 1873 2629; baseline 0 -21"><span class='ocrx_word' id='word_1_216' title='bbox 136 2563 309 2608; x_wconf 87' lang='lat' dir='ltr'>essent</span> <span class='ocrx_word' id='word_1_217' title='bbox 337 2549 643 2607; x_wconf 85' lang='lat' dir='ltr'>testimonia</span> <span class='ocrx_word' id='word_1_218' title='bbox 673 2569 798 2629; x_wconf 86' lang='lat' dir='ltr'>quae</span> <span class='ocrx_word' id='word_1_219' title='bbox 821 2548 1005 2629; x_wconf 86' lang='lat' dir='ltr'>parvis</span> <span class='ocrx_word' id='word_1_220' title='bbox 1021 2570 1219 2625; x_wconf 86' lang='lat' dir='ltr'>magna</span> <span class='ocrx_word' id='word_1_221' title='bbox 1251 2569 1359 2606; x_wconf 85' lang='lat' dir='ltr'>esse</span> <span class='ocrx_word' id='word_1_222' title='bbox 1383 2548 1725 2621; x_wconf 81' lang='lat' dir='ltr'>viderentur,</span> <span class='ocrx_word' id='word_1_223' title='bbox 1761 2571 1873 2608; x_wconf 93' lang='lat' dir='ltr'>non</span> 
     </span>
     <span class='ocr_line' id='line_1_27' title="bbox 137 2636 1878 2718; baseline -0.001 -22"><span class='ocrx_word' id='word_1_224' title='bbox 137 2638 466 2710; x_wconf 85' lang='lat' dir='ltr'>crederetur,</span> <span class='ocrx_word' id='word_1_225' title='bbox 501 2659 728 2713; x_wconf 87' lang='lat' dir='ltr'>magnos</span> <span class='ocrx_word' id='word_1_226' title='bbox 754 2636 957 2696; x_wconf 87' lang='lat' dir='ltr'>faceret</span> <span class='ocrx_word' id='word_1_227' title='bbox 979 2658 1231 2713; x_wconf 79' lang='lat' dir='ltr'>magnUS,</span> <span class='ocrx_word' id='word_1_228' title='bbox 1280 2637 1375 2718; x_wconf 92' lang='lat' dir='ltr'>qui</span> <span class='ocrx_word' id='word_1_229' title='bbox 1405 2637 1472 2695; x_wconf 88' lang='lat' dir='ltr'>ad</span> <span class='ocrx_word' id='word_1_230' title='bbox 1513 2660 1712 2718; x_wconf 83' lang='lat' dir='ltr'>parvos</span> <span class='ocrx_word' id='word_1_231' title='bbox 1741 2639 1878 2696; x_wconf 90' lang='lat' dir='ltr'>mis-</span> 
     </span>
     <span class='ocr_line' id='line_1_28' title="bbox 138 2725 1876 2807; baseline 0.001 -23"><span class='ocrx_word' id='word_1_232' title='bbox 138 2748 226 2784; x_wconf 76' lang='lat' dir='ltr'>sus</span> <span class='ocrx_word' id='word_1_233' title='bbox 258 2740 336 2784; x_wconf 85' lang='lat' dir='ltr'>est</span> <span class='ocrx_word' id='word_1_234' title='bbox 369 2748 590 2807; x_wconf 78' lang='lat' dir='ltr'>parvus,</span> <span class='ocrx_word' id='word_1_235' title='bbox 640 2726 1157 2806; x_wconf 85' lang='lat' dir='ltr'>Incomparabiliter</span> <span class='ocrx_word' id='word_1_236' title='bbox 1198 2727 1344 2784; x_wconf 90' lang='lat' dir='ltr'>enim</span> <span class='ocrx_word' id='word_1_237' title='bbox 1379 2730 1588 2802; x_wconf 87' lang='lat' dir='ltr'>majora</span> <span class='ocrx_word' id='word_1_238' title='bbox 1619 2725 1743 2784; x_wconf 89' lang='lat' dir='ltr'>Filii</span> <span class='ocrx_word' id='word_1_239' title='bbox 1775 2727 1876 2786; x_wconf 87' lang='lat' dir='ltr'>Dei</span> 
     </span>
     <span class='ocr_line' id='line_1_29' title="bbox 137 2814 1878 2897; baseline 0.001 -24"><span class='ocrx_word' id='word_1_240' title='bbox 137 2815 282 2874; x_wconf 86' lang='lat' dir='ltr'>facta</span> <span class='ocrx_word' id='word_1_241' title='bbox 306 2828 432 2873; x_wconf 85' lang='lat' dir='ltr'>sunt</span> <span class='ocrx_word' id='word_1_242' title='bbox 457 2814 663 2874; x_wconf 89' lang='lat' dir='ltr'>coelum</span> <span class='ocrx_word' id='word_1_243' title='bbox 694 2830 747 2873; x_wconf 91' lang='lat' dir='ltr'>et</span> <span class='ocrx_word' id='word_1_244' title='bbox 774 2829 916 2874; x_wconf 51' lang='lat' dir='ltr'>*terra</span> <span class='ocrx_word' id='word_1_245' title='bbox 949 2830 1001 2874; x_wconf 94' lang='lat' dir='ltr'>et</span> <span class='ocrx_word' id='word_1_246' title='bbox 1030 2817 1214 2874; x_wconf 87' lang='lat' dir='ltr'>omnia</span> <span class='ocrx_word' id='word_1_247' title='bbox 1244 2837 1371 2896; x_wconf 82' lang='lat' dir='ltr'>quae</span> <span class='ocrx_word' id='word_1_248' title='bbox 1398 2815 1458 2873; x_wconf 89' lang='lat' dir='ltr'>in</span> <span class='ocrx_word' id='word_1_249' title='bbox 1482 2817 1556 2873; x_wconf 87' lang='lat' dir='ltr'>eis</span> <span class='ocrx_word' id='word_1_250' title='bbox 1577 2829 1725 2884; x_wconf 83' lang='lat' dir='ltr'>sunt,</span> <span class='ocrx_word' id='word_1_251' title='bbox 1747 2817 1878 2897; x_wconf 86' lang='lat' dir='ltr'>quia</span> 
     </span>
     <span class='ocr_line' id='line_1_30' title="bbox 141 2905 1878 2987; baseline 0.001 -25"><span class='ocrx_word' id='word_1_252' title='bbox 141 2905 325 2963; x_wconf 89' lang='lat' dir='ltr'>omnia</span> <span class='ocrx_word' id='word_1_253' title='bbox 366 2926 467 2984; x_wconf 91' lang='lat' dir='ltr'>per</span> <span class='ocrx_word' id='word_1_254' title='bbox 504 2905 686 2984; x_wconf 85' lang='lat' dir='ltr'>ipsum</span> <span class='ocrx_word' id='word_1_255' title='bbox 722 2905 864 2964; x_wconf 80' lang='lat' dir='ltr'>facta</span> <span class='ocrx_word' id='word_1_256' title='bbox 902 2919 1063 2976; x_wconf 86' lang='lat' dir='ltr'>sunt,</span> <span class='ocrx_word' id='word_1_257' title='bbox 1112 2927 1280 2987; x_wconf 88' lang='lat' dir='ltr'>quam</span> <span class='ocrx_word' id='word_1_258' title='bbox 1342 2906 1493 2982; x_wconf 83' lang='lat' dir='ltr'>signa</span> <span class='ocrx_word' id='word_1_259' title='bbox 1528 2918 1582 2963; x_wconf 88' lang='lat' dir='ltr'>et</span> <span class='ocrx_word' id='word_1_260' title='bbox 1622 2919 1878 2986; x_wconf 84' lang='lat' dir='ltr'>portenta</span> 
     </span>
     <span class='ocr_line' id='line_1_31' title="bbox 140 2991 1880 3077; baseline 0 -25"><span class='ocrx_word' id='word_1_261' title='bbox 140 3014 268 3074; x_wconf 85' lang='lat' dir='ltr'>quae</span> <span class='ocrx_word' id='word_1_262' title='bbox 314 2993 371 3050; x_wconf 91' lang='lat' dir='ltr'>in</span> <span class='ocrx_word' id='word_1_263' title='bbox 406 2997 521 3069; x_wconf 90' lang='lat' dir='ltr'>ejus</span> <span class='ocrx_word' id='word_1_264' title='bbox 559 2993 927 3053; x_wconf 81' lang='lat' dir='ltr'>testimonium</span> <span class='ocrx_word' id='word_1_265' title='bbox 977 3007 1374 3077; x_wconf 87' lang='lat' dir='ltr'>proruperunt.</span> <span class='ocrx_word' id='word_1_266' title='bbox 1423 2991 1531 3052; x_wconf 90' lang='lat' dir='ltr'>Sed</span> <span class='ocrx_word' id='word_1_267' title='bbox 1562 3006 1741 3052; x_wconf 88' lang='lat' dir='ltr'>tamen</span> <span class='ocrx_word' id='word_1_268' title='bbox 1768 2994 1880 3055; x_wconf 89' lang='lat' dir='ltr'>ho-</span> 
     </span>
     <span class='ocr_line' id='line_1_32' title="bbox 142 3081 1884 3164; baseline 0.001 -24"><span class='ocrx_word' id='word_1_269' title='bbox 142 3083 315 3141; x_wconf 87' lang='lat' dir='ltr'>mines</span> <span class='ocrx_word' id='word_1_270' title='bbox 347 3096 410 3140; x_wconf 91' lang='lat' dir='ltr'>ut</span> <span class='ocrx_word' id='word_1_271' title='bbox 432 3082 559 3140; x_wconf 84' lang='lat' dir='ltr'>haec</span> <span class='ocrx_word' id='word_1_272' title='bbox 588 3105 784 3158; x_wconf 84' lang='lat' dir='ltr'>magna</span> <span class='ocrx_word' id='word_1_273' title='bbox 814 3105 914 3163; x_wconf 89' lang='lat' dir='ltr'>per</span> <span class='ocrx_word' id='word_1_274' title='bbox 951 3106 1075 3142; x_wconf 88' lang='lat' dir='ltr'>eum</span> <span class='ocrx_word' id='word_1_275' title='bbox 1098 3083 1241 3143; x_wconf 83' lang='lat' dir='ltr'>facta</span> <span class='ocrx_word' id='word_1_276' title='bbox 1262 3082 1425 3164; x_wconf 83' lang='lat' dir='ltr'>parvi</span> <span class='ocrx_word' id='word_1_277' title='bbox 1457 3081 1758 3157; x_wconf 87' lang='lat' dir='ltr'>crederent,</span> <span class='ocrx_word' id='word_1_278' title='bbox 1791 3082 1884 3142; x_wconf 82' lang='lat' dir='ltr'>illa</span> 
     </span>
     <span class='ocr_line' id='line_1_33' title="bbox 143 3185 1201 3254; baseline 0.003 -24"><span class='ocrx_word' id='word_1_279' title='bbox 143 3194 318 3254; x_wconf 87' lang='lat' dir='ltr'>parva</span> <span class='ocrx_word' id='word_1_280' title='bbox 338 3185 601 3252; x_wconf 86' lang='lat' dir='ltr'>tanquam</span> <span class='ocrx_word' id='word_1_281' title='bbox 626 3192 824 3248; x_wconf 83' lang='lat' dir='ltr'>magna</span> <span class='ocrx_word' id='word_1_282' title='bbox 844 3185 1201 3233; x_wconf 84' lang='lat' dir='ltr'>tremuerunt.</span> 
     </span>
    </p>
   </div>
   <div class='ocr_carea' id='block_1_3' title="bbox 208 3276 1724 3402">
    <p class='ocr_par' dir='ltr' id='par_1_4' title="bbox 208 3276 1724 3402">
     <span class='ocr_line' id='line_1_34' title="bbox 208 3276 561 3318; baseline 0 -2"><span class='ocrx_word' id='word_1_283' title='bbox 208 3276 364 3318; x_wconf 65' lang='grc' dir='ltr'>ι111311.</span> <span class='ocrx_word' id='word_1_284' title='bbox 390 3290 469 3314; x_wconf 74' lang='lat' dir='ltr'>vm</span> <span class='ocrx_word' id='word_1_285' title='bbox 492 3277 561 3317; x_wconf 79' lang='lat'>31.</span> 
     </span>
     <span class='ocr_line' id='line_1_35' title="bbox 364 3345 1724 3402; baseline 0.004 -6"><span class='ocrx_word' id='word_1_286' title='bbox 364 3362 618 3402; x_wconf 65' lang='lat' dir='ltr'>CXXXVIL</span> <span class='ocrx_word' id='word_1_287' title='bbox 1404 3345 1407 3349; x_wconf 77' lang='grc'>’</span> <span class='ocrx_word' id='word_1_288' title='bbox 1660 3362 1724 3402; x_wconf 79' lang='lat'>21</span> 
     </span>
    </p>
   </div>
  </div>
 </body>
</html>
