2144 3808
388 304 609 345 CONTRA
652 302 983 343 MAxmlNUM
1028 300 1308 352 ARIANUM,
1356 305 1466 343 LIB.
1519 307 1582 345 11.
1763 289 1869 369 157

149 386 383 460 lumine,
410 409 471 445 ex
492 387 599 444 hac
617 383 966 442 indeficiente
986 382 1332 463 plenitudine
1351 430 1366 455 ,
1393 384 1452 442 id
1472 398 1576 455 est,
1606 387 1795 460 Patre,
1821 402 1875 447 et

151 476 322 547 Filio,
353 485 407 534 et
435 475 647 556 Spiritu
672 486 862 532 sancto
888 519 903 544 ,
931 493 1040 530 uno
1075 473 1318 531 Domino
1354 473 1468 531 Deo
1498 475 1610 532 solo
1630 522 1645 546 ‚
1678 497 1877 535 secun-

153 564 290 623 dum
321 584 628 623 mensuram
653 561 782 620 fidei
816 581 928 619 suae
966 560 1303 642 quicumque
1331 562 1592 621 veraciter
1610 564 1876 637 credunt,

153 666 422 712 sumentes
444 651 579 711 boni
600 653 774 722 fiunt,
801 650 1180 722 vivificantur,
1204 650 1886 734 illuminantu1‚implen-

154 753 263 800 tur.
302 740 521 814 Quibus
558 753 620 798 tu
658 738 1000 814 unigenitum
1030 736 1266 811 Filium,
1309 760 1448 845 pace
1483 753 1579 798 tua
1615 740 1880 813 dixerim,

155 828 337 908 nescio
360 849 472 909 qua
490 825 806 886 incredibili
826 825 1124 884 temeritate
1139 826 1388 902 J'unxisti.
1421 822 1466 884 s
1474 849 1541 886 ua
1559 829 1767 908 quippe
1789 829 1892 886 ista

157 929 285 975 sunt
317 917 486 976 verba
516 938 530 974 t
565 942 592 969 «
621 915 746 975 Sive
766 961 781 988 ‚
815 914 998 995 inquis
1016 961 1031 986 ‚
1065 915 1235 973 Filius
1258 962 1272 986 ‚
1302 915 1412 973 sive
1437 917 1530 996 qui
1559 938 1660 997 per
1686 917 1888 975 Filium

158 1017 285 1062 sunt
304 1003 436 1062 facti
459 1051 474 1074 ‚
500 1003 569 1062 de
592 1003 687 1061 illo
715 1024 827 1061 uno
850 1001 999 1061 fonte
1019 1002 1282 1061 bonitatis
1305 1004 1679 1084 unusquisque
1699 1025 1888 1062 secun-

159 1091 293 1150 dum
319 1112 627 1150 mensuram
658 1090 787 1149 fidei
821 1111 934 1149 suae
964 1104 1373 1172 assumpserunt
1398 1104 1458 1173 ut
1485 1106 1660 1150 essent
1684 1093 1835 1152 boni.
1865 1119 1892 1145 >2

160 1179 272 1238 Ubi
302 1191 381 1238 est
418 1201 544 1257 ergo
574 1178 727 1261 quod
765 1178 944 1237 fueras
986 1192 1108 1236 ante
1152 1178 1424 1238 confessus
1446 1226 1462 1252 ‚
1504 1179 1661 1238 illum
1696 1194 1894 1238 natura

162 1268 361 1327 Filium
391 1290 500 1328 esse
521 1316 535 1341 ‚
563 1290 676 1327 non
716 1268 930 1345 gratia?
971 1269 1113 1326 Ecce
1149 1282 1339 1327 contra
1383 1270 1704 1328 sententiam
1737 1283 1890 1328 tuam

162 1357 313 1418 venis
340 1380 354 1416 :
388 1379 515 1417 ecce
545 1363 662 1434 jam
690 1356 882 1438 prodis
911 1356 1179 1415 nefarium
1211 1371 1480 1416 secretum
1516 1359 1738 1417 haeresis
1768 1381 1893 1419 ves-

163 1461 266 1506 trae
287 1493 301 1518 ,
334 1447 465 1528 quia
494 1446 838 1523 unigenitum
857 1467 1048 1506 verum
1074 1447 1179 1504 Dei
1207 1446 1405 1505 Filium
1431 1495 1445 1519 ,
1471 1468 1661 1507 verum
1684 1449 1857 1507 Deum
1875 1495 1891 1520 ‚

165 1557 278 1593 non
297 1549 490 1595 natura
509 1535 734 1607 Filium,
757 1534 849 1593 sed
867 1536 1040 1612 gratia
1056 1537 1410 1616 profitemini.
1438 1537 1496 1595 Si
1517 1538 1658 1595 enim
1681 1551 1734 1596 et
1755 1539 1893 1619 ipse,

166 1623 308 1681 sicut
336 1623 505 1683 verba
528 1636 622 1681 tua
643 1623 917 1694 clamant,
940 1623 1243 1681 secundum
1270 1645 1580 1682 mensuram
1602 1625 1732 1683 fidei
1754 1647 1865 1684 suae
1881 1673 1895 1698 ‚
1949 1653 1954 1657 ·

168 1724 231 1770 ut
257 1711 435 1770 bonus
459 1724 621 1784 esset,
650 1710 967 1791 assumpsit3
997 1711 1169 1786 gratia
1192 1724 1270 1769 est
1291 1733 1418 1788 ergo
1442 1712 1640 1784 Filius,
1671 1735 1784 1771 non
1805 1736 1903 1772 na-

168 1813 295 1858 tura
331 1822 346 1857 2
388 1812 442 1858 et
468 1799 576 1859 fuit
606 1797 903 1880 aliquando
932 1820 1043 1856 non
1072 1799 1254 1857 bonus
1277 1846 1292 1871 ,
1329 1812 1382 1857 et
1419 1799 1693 1858 credendo
1724 1801 1901 1860 factus

170 1901 250 1957 est
273 1889 454 1947 bonus
476 1914 490 1958 ;
516 1888 646 1969 quia
667 1900 731 1946 ut
750 1901 884 1946 esset
900 1887 1110 1960 bonuS,
1140 1887 1608 1968 quemadmodum
1635 1889 1772 1948 dicis
1790 1938 1805 1963 ,
1831 1911 1909 1947 se-

172 1977 419 2037 cundum
444 1998 753 2036 mensuram
783 1976 914 2034 fidei
938 1998 1051 2035 suae
1081 1976 1148 2035 de
1178 1977 1273 2036 illo
1304 1978 1402 2059 qui
1430 1982 1592 2036 Pater
1615 1992 1694 2037 est
1718 2026 1733 2051 ‚
1760 1978 1910 2038 fonte

118 2065 125 2071 ’
171 2067 432 2125 bonitatis
452 2067 758 2147 assumpsit.
787 2065 1042 2142 Legimus
1058 2066 1283 2146 quidem
1307 2066 1457 2146 quod
1479 2066 1512 2122 J
1516 2088 1635 2125 esus
1659 2068 1911 2148 proficie·

174 2154 273 2213 bat
309 2168 468 2213 aetate
506 2169 560 2213 et
589 2154 854 2236 sapientia
874 2200 890 2226 ,
929 2168 983 2212 et
1012 2155 1185 2230 gratia
1215 2154 1317 2212 Dei
1361 2167 1476 2213 erat
1503 2155 1562 2212 in
1591 2154 1722 2212 illo1
1750 2179 1764 2213 ε
1812 2155 1907 2214 sed

175 2243 477 2302 secundum
513 2243 745 2302 formam
782 2242 1023 2300 hominis
1051 2263 1235 2323 quam,
1261 2265 1364 2324 pro
1405 2242 1564 2301 nobis
1597 2245 1809 2325 accepit
1850 2267 1912 2303 ex

176 2331 336 2391 nobis
360 2378 374 2404 ‚
401 2354 514 2391 non
542 2331 842 2391 secundum
865 2330 1101 2390 formam
1134 2332 1273 2404 Dei,
1305 2332 1364 2390 in
1394 2354 1502 2413 qua
1530 2353 1642 2392 non
1671 2333 1911 2392 alienum

180 2420 479 2479 arbitratus
518 2434 598 2479 est
633 2442 741 2479 esse
776 2420 1003 2502 aequalis
1032 2422 1202 2482 De02.
1239 2422 1628 2482 Verumtamen
1664 2423 1828 2482 etiam
1855 2424 1914 2482 in

178 2508 300 2589 ipsa
326 2507 506 2567 forma
533 2508 775 2567 hominis
802 2507 1029 2585 legimus
1057 2529 1184 2566 eum
1211 2523 1371 2568 aetate
1400 2523 1454 2568 et
1478 2510 1743 2590 sapientia
1774 2533 1914 2591 pro-

179 2595 365 2656 fecisse
383 2643 399 2668 ,
426 2618 539 2654 non
562 2610 744 2655 tamen
779 2610 843 2654 ut
862 2606 1060 2655 ex'non
1084 2596 1233 2655 bono
1251 2597 1431 2655 bonus
1461 2599 1613 2655 fieret
1639 2598 1912 2657 credendo

182 2683 460 2744 meruisse.
494 2684 683 2765 Neque
711 2706 862 2744 nunc
890 2685 1031 2743 inter
1059 2706 1156 2742 nos
1193 2687 1424 2766 quaestio
1458 2687 1688 2744 vertitur
1715 2686 1782 2745 de
1811 2709 1916 2746 na-

183 2784 310 2830 tura
335 2772 436 2830 filii
455 2772 696 2831 hominis
715 2819 730 2845 ,
756 2774 814 2832 in
838 2794 949 2854 qua
969 2772 1075 2832 Dei
1101 2773 1268 2832 Filius
1292 2774 1472 2832 minor
1492 2788 1570 2832 est
1594 2776 1757 2833 Patre
1782 2797 1796 2833 ε
1822 2776 1916 2835 sed

188 2860 255 2919 de
283 2873 479 2918 natura
505 2860 626 2919 Filii
644 2861 785 2934 Dei,
814 2862 874 2920 in
896 2881 1032 2942 qua,
1060 2875 1122 2920 ut
1147 2884 1245 2920 nos
1275 2861 1509 2921 dicimus
1530 2910 1545 2936 ‚
1573 2884 1667 2924 vos
1686 2866 1913 2941 negatiS‚

190 2946 418 3029 aequalis
443 2959 522 3005 est
555 2948 708 3006 Patri
737 2972 752 3006 t
794 2949 925 3030 quia
950 2949 1118 3008 Filius
1137 2970 1297 3011 verus
1319 2996 1334 3014 .
1362 2950 1528 3010 Filius
1558 2953 1752 3011 unicus
1769 3000 1785 3026 ,
1822 2955 1920 3012 Fi·-

189 3036 297 3095 lius
321 3035 388 3094 de
415 3056 543 3094 vero
570 3039 692 3095 Deo
715 3058 874 3097 verus
896 3042 1046 3097 Deus
1064 3086 1080 3112 ,
1114 3039 1172 3097 in
1200 3038 1353 3098 nullo
1377 3038 1722 3117 degeneravit
1745 3064 1776 3100 a
1810 3045 1923 3102 Pa-

194 3138 297 3186 tre.
327 3123 567 3184 Proinde
592 3124 1084 3207 incomparabilem
1106 3128 1327 3190 Patrem
1349 3129 1488 3190 Filio
1506 3177 1523 3204 ‚
1542 3152 1644 3191 nec
1661 3131 1720 3192 in
1740 3134 1923 3215 Scrip-

258 3230 273 3259 1
295 3232 392 3271 Luc.
410 3243 464 3276 xx,
485 3229 555 3273 52.
581 3250 631 3261 -
656 3228 676 3258 2
699 3229 846 3291 Philip.
868 3245 915 3282 u,
940 3233 981 3274 6.
