2144 3808
154 378 226 392 §m
236 378 302 392 §ss
312 378 383 393 “Q
393 376 928 394 §sstsstmssmbumm
938 378 1169 393 §.ssanss
1179 377 1563 394 §mm-“mm
1575 378 1715 392 “¹0¹⁸ss
1725 377 1871 392 §535¹ss

772 549 1267 660 INDEX

273 768 468 826 ΤΟΜΙ
513 768 927 827 CENTESIMI
973 768 1738 829 TRIGESIMI—SEPTIMI.

1761 1076 1864 1114 ragin.

148 1123 440 1166 COLLATIO
501 1120 624 1162 CUM
680 1123 986 1165 ΜΑΧΙΜΙΝΟ
1044 1121 1390 1166 ΛΒῙΔΝΟΒΠΜ
1440 1119 1712 1162 EPISCOPO
1728 1147 1742 1170 ,

204 1189 328 1226 Luam
361 1187 398 1226 1.
1850 1181 1874 1219 5

148 1246 381 1288 CONTRA
414 1244 773 1286 MAXIMINUM
803 1247 1162 1288 HAERETICUM
1205 1244 1554 1286 ARIANORUM
1595 1244 1740 1285 EPts-

204 1307 402 1348 COPUM
423 1335 434 1354 ‚
467 1320 570 1346 Luam
594 1321 692 1347 nuo.
710 1329 761 1336 —
792 1309 915 1348 Lmen
944 1311 977 1350 1.
1011 1309 1201 1351 Ostendit
1231 1306 1499 1358 Augustinus,
1522 1319 1567 1346 ea
1590 1319 1679 1360 quae
1699 1305 1739 1345 in

204 1370 431 1410 Collatione
450 1367 533 1419 ipse
551 1367 683 1416 dixit,
703 1369 968 1410 Maximinum
987 1384 1067 1411 non
1091 1371 1264 1423 potuisse
1281 1367 1478 1408 refellere.
1825 1368 1876 1419 57

149 1433 277 1472 Lmen
302 1430 362 1470 11.
398 1428 651 1469 Reselluntur
683 1429 917 1482 singillatim
951 1445 1040 1486 quae
1069 1432 1109 1471 in
1131 1431 1356 1471 Collatione
1377 1428 1620 1468 Maximinus
1638 1426 1741 1467 dixit

205 1491 353 1532 ultima
373 1503 444 1529 sua
464 1489 759 1541 disputatione,
781 1490 892 1543 cujus
919 1492 1205 1546 disputationis
1225 1504 1304 1530 suae
1325 1489 1557 1543 prolixitate
1576 1501 1747 1541 respon-

205 1552 324 1593 dendi
349 1559 504 1602 tempus
525 1556 621 1590 tunc
638 1550 785 1604 eripuit
808 1552 1048 1604 Augustino.
1081 1553 1313 1594 Pmrmo.
1827 1550 1879 1590 83

154 1615 228 1654 DE
256 1611 580 1653 TRINITATE
611 1625 714 1652 mam
743 1627 1059 1657 QuinnssctM.-—
1090 1615 1218 1654 Linea
1252 1613 1289 1652 1.
1332 1612 1382 1651 In
1418 1624 1499 1664 quo
1527 1611 1750 1651 secundum

203 1675 431 1726 Scripturas
448 1685 578 1712 sacras
593 1673 824 1713 ostenditur
842 1675 974 1715 unitas
989 1682 1030 1716 et
1050 1675 1256 1729 aequalitas
1271 1685 1431 1712 summae
1447 1672 1680 1722 Trinitatis,
1705 1679 1746 1712 et

205 1734 389 1790 quaedam
410 1734 495 1773 loca
512 1740 652 1774 contra
673 1734 764 1773 Filii
784 1735 1055 1787 aequalitatem
1073 1738 1191 1776 allata
1213 1735 1435 1774 diluuntur.
1759 1745 1763 1749 ·
1810 1733 1876 1773 ιδι

152 1799 278 1837 Lmen
298 1796 359 1836 11.
393 1797 567 1836 Rursum
589 1795 772 1836 defendit:
801 1796 1046 1848 Augustinus
1069 1796 1339 1851 aequalitatem
1367 1794 1609 1843 Trinitatis,
1634 1801 1676 1836 et
1701 1795 1752 1836 de
1784 1832 1787 1837 ,

210 1855 501 1898 Filiimissione
521 1869 568 1896 ac
588 1857 762 1909 Spiritus
780 1858 904 1899 sancti
923 1871 1066 1910 agens,
1087 1858 1289 1910 variisque
1311 1855 1386 1895 Dei
1407 1855 1747 1908 apparitionibus,

207 1918 456 1959 demonstrat
477 1930 556 1956 non
582 1917 673 1956 ideo
694 1917 890 1958 minorem
912 1932 995 1959 esse
1013 1921 1199 1960 mittente
1217 1917 1283 1970 qui
1306 1916 1452 1955 missus
1466 1922 1548 1961 est,
1567 1917 1662 1968 quia
1683 1915 1750 1956 ille

207 1980 342 2029 misit,
364 1979 430 2018 hic
446 1978 587 2017 missus
605 1983 663 2018 est
682 1991 694 2017 ε
716 1978 784 2018 sed
802 1978 1046 2020 Trinitatem
1062 1992 1135 2032 per
1150 1978 1289 2018 omnia
1302 1975 1497 2029 aeqnalem
1509 2005 1519 2020 ,
1542 1977 1695 2028 pariter
1709 1976 1753 2015 in

209 2054 276 2083 sua
297 2046 441 2081 natura
470 2037 762 2078 immutabilem
790 2046 832 2080 et
855 2039 1123 2088 invisibilem,
1153 2047 1192 2080 et
1224 2038 1376 2091 ubique
1408 2043 1675 2089 praesentem,
1706 2037 1749 2075 in

208 2101 396 2143 missione
411 2113 481 2140 seu
495 2099 751 2153 apparitione
774 2100 955 2153 qualibet
974 2099 1298 2153 inseparabiliter
1318 2097 1494 2151 operari.
1804 2098 1879 2136 223

156 2168 283 2206 Lmen
309 2163 392 2203 111.
425 2162 473 2201 In
494 2174 573 2214 quo
594 2160 788 2214 quaeritur
802 2192 815 2212 ,
835 2175 886 2201 an
914 2163 955 2202 in
975 2162 1053 2202 illis
1067 2162 1116 2202 de
1137 2161 1283 2215 quibus
1303 2159 1511 2211 superiore
1537 2157 1642 2197 libro
1661 2157 1749 2198 dic-

209 2234 295 2268 tum
317 2231 403 2272 est,
433 2222 506 2261 Dei
537 2222 882 2274 apparitionibus,
908 2237 979 2276 per
1002 2235 1214 2276 corporeas
1238 2221 1389 2274 species
1409 2218 1550 2266 sactis,
1571 2225 1749 2259 tantum-

211 2286 332 2327 modo
347 2290 532 2323 creatura
547 2281 715 2322 formata
732 2282 797 2326 sit,
812 2282 852 2322 in
867 2297 944 2335 qua
965 2285 1071 2323 Deus
1082 2283 1183 2323 sicut
1201 2289 1294 2323 tunc
1307 2279 1530 2334 oportuisse
1544 2277 1753 2331 judicavit,

212 2345 394 2388 humanis
414 2342 694 2383 ostenderetur
714 2343 958 2396 aspectibus:
976 2357 1026 2384 an
1049 2343 1188 2397 Angeli
1201 2372 1213 2393 ‚
1229 2342 1299 2396 qui
1313 2343 1394 2393 jam
1411 2345 1526 2380 antea
1542 2344 1676 2383 erant,
1695 2338 1751 2379 ita

211 2406 498 2453 mittebantur,
521 2410 564 2443 ut
584 2415 630 2442 ex
650 2416 816 2456 persona
837 2404 912 2444 Dei
935 2405 1218 2457 loquerentur,
1240 2406 1483 2443 assumentes
1497 2399 1751 2451 corporalem

212 2465 390 2520 speciem
406 2464 455 2504 de
471 2469 653 2503 creatura
672 2476 878 2516 corporea,
895 2471 964 2504 aut
989 2465 1115 2516 ipsum
1135 2475 1278 2514 corpus
1297 2473 1411 2501 sumn
1432 2458 1473 2497 in
1487 2459 1638 2510 species
1653 2469 1751 2509 quas

214 2528 363 2568 vellent
383 2523 699 2564 accommodatas
714 2523 938 2564 actionibus
957 2525 1036 2564 suis
1050 2531 1251 2564 vertentes
1275 2519 1492 2562 secundum
1516 2516 1753 2558 attributam

214 2589 289 2630 sibi
310 2601 332 2627 a
351 2587 545 2626 Creatore
564 2584 784 2638 potentiam
807 2599 816 2623 :
840 2586 920 2639 ipsa
942 2593 1077 2627 autern
1099 2585 1173 2625 Dei
1197 2583 1365 2624 essentia
1389 2590 1592 2632 nunquam
1619 2590 1693 2631 per
1707 2589 1749 2617 se

215 2651 339 2704 ipsam
357 2647 435 2687 visa
450 2646 583 2687 suerit.
1808 2639 1883 2678 262

161 2712 287 2751 Lmen
317 2708 393 2748 lv.
429 2707 614 2759 Explicat
634 2705 684 2746 ad
712 2707 810 2760 quid
839 2707 978 2747 missus
1008 2707 1061 2747 sit
1087 2704 1211 2745 Filius
1232 2705 1308 2743 Dei
1335 2717 1345 2741 ε
1370 2699 1535 2741 Christo
1567 2697 1753 2738 videlicet

217 2783 291 2825 pro
321 2768 597 2822 peccatoribus
621 2769 817 2808 moriente
844 2767 1166 2821 persuadendum
1194 2764 1310 2804 nobis
1339 2762 1458 2802 fuisse
1484 2758 1680 2812 imprimis
1713 2765 1754 2798 et

217 2837 410 2885 quantum
430 2841 503 2868 nos
520 2828 706 2870 dilexerit
726 2831 860 2880 Deus,
876 2837 916 2870 et
936 2829 1073 2883 quales
1092 2827 1292 2867 dilexerit.
1312 2825 1552 2876 Opportune
1567 2821 1689 2860 etiam
1706 2826 1748 2859 ut

219 2891 269 2932 ad
280 2889 629 2943 contemplandum
647 2891 775 2930 Deum
793 2898 835 2932 et
849 2889 1131 2931 cohaerendum
1145 2889 1233 2928 Deo
1249 2884 1551 2929 mundaremur,
1572 2879 1751 2919 Verbum

218 2953 260 2993 in
276 2964 399 2992 carne
417 2951 584 2991 venisse.
609 2951 743 3004 Ipsius
759 2960 889 2992 morte
910 2965 987 2990 una
1006 2958 1047 2990 et
1068 2948 1244 3002 simplici
1271 2946 1472 2999 duplicem
1487 2948 1666 2982 nostram
1682 2953 1751 2980 so-

219 3015 345 3055 lutam
365 3024 470 3058 esse;
501 3012 569 3052 ubi
594 3013 777 3054 edisserit
794 3012 1131 3067 quemadmodum
1164 3009 1352 3062 simplum
1378 3001 1595 3046 salvatoris
1622 3002 1747 3042 nostri

220 3076 341 3128 duplo
354 3080 494 3114 nostro
509 3074 694 3115 concinat
709 3074 760 3115 ad
780 3075 947 3116 salutem
963 3103 976 3124 ‚
1005 3080 1044 3114 et
1062 3073 1112 3112 de
1135 3069 1384 3126 perfectione
1401 3063 1558 3106 numeri
1581 3063 1750 3107 senarii,

223 3151 264 3178 in
280 3148 400 3189 quem
416 3146 625 3175 numerum
641 3138 724 3190 ipsa
744 3136 874 3190 simpli
892 3135 942 3176 ad
963 3134 1134 3189 duplum
1150 3132 1254 3174 ratio
1272 3128 1504 3172 deducitur,
1518 3124 1641 3166 fusius
1653 3125 1748 3175 agit.

224 3200 353 3240 Docet
368 3195 497 3247 colligi
524 3209 662 3237 omnes
681 3211 727 3238 ex
757 3197 891 3239 multis
911 3197 952 3236 in
983 3209 1106 3242 unum
1129 3208 1200 3248 per
1232 3203 1354 3233 unum
1376 3188 1637 3230 mediatorem
1665 3185 1758 3223 vitae
