2144 3808
319 245 338 284 1
352 227 429 305 98
824 242 869 281 ε.
921 239 1226 282 Auensrlm
1268 241 1525 286 Erlscorl

308 327 494 388 Verbo
519 323 624 385 Dei
642 336 895 405 suscepta
913 322 1159 382 humana
1173 336 1370 384 natura
1397 325 1831 387 commutabitur
1847 327 1907 387 in
1925 333 2043 407 'ejus

309 428 564 478 naturam
583 461 598 486 ‚
622 413 722 495 qui
751 413 800 471 ei
835 412 1069 489 subjecit
1097 413 1278 474 omnia
1298 459 1316 485 ‚
1349 412 1762 475 tunc'futurum
1797 423 1997 497 putant
2021 465 2038 492 ,

312 526 439 563 cum
458 516 588 585 post
605 502 750 561 diem
776 501 978 577 judicii
1002 500 1289 560 tradiderit
1314 524 1541 580 regnum
1560 505 1676 563 Deo
1693 518 1747 565 et
1766 506 1938 566 Patri.
1963 508 2044 572 Ac

292 616 408 676 -per
434 594 547 652 hoc
576 593 741 666 etiam
766 589 1071 653 secundum
1100 591 1266 673 istam
1303 591 1619 670 opinionem
1656 592 1843 654 adhuc
1883 594 2048 654 Pater

306 688 487 760 major
506 695 586 740 est
604 727 619 752 ‚
656 700 823 761 quam
847 700 973 761 quae
995 678 1064 739 de
1092 674 1299 756 virgine
1325 680 1681 744 serviforma
1699 696 1925 764 accepta
1941 695 2039 744 est.

313 770 481 844 Quod
512 770 557 829 si
588 767 760 850 aliqui
785 781 839 826 et
860 767 972 829 hoc
1010 767 1284 827 affirmant
1302 814 1316 840 ‚
1353 767 1642 849 quodjam
1667 769 1831 831 fuerit
1859 771 1924 831 in
1946 772 2049 831 Dei

301 858 679 932 substantiam
718 871 963 918 mutatus
997 857 1169 919 homo
1206 857 1460 919 Christus
1501 863 1690 928 Jesus;
1737 859 1879 920 illud
1906 873 2051 920 certe

317 971 513 1026 negare
543 970 655 1007 non
689 948 949 1029 p0ssunt‚
978 946 1129 1029 quod
1160 947 1345 1006 adhuc
1373 962 1570 1008 natura
1596 948 1836 1010 hominis
1859 970 2053 1011 mane-

315 1039 416 1105 bat
437 1086 453 1111 ,
492 1037 718 1119 quando
748 1037 1210 1118 antepassionem
1242 1032 1464 1097 dicebat
1483 1060 1506 1096 ,ε
1539 1064 1565 1092 «
1585 1038 1862 1110 Quoniam
1888 1041 2054 1099 Pater

316 1155 344 1182 >)
366 1133 540 1205 major
562 1149 648 1186 me
675 1125 787 1198 est1
822 1148 837 1184 ε
875 1126 1021 1185 unde
1046 1126 1196 1185 nulla
1225 1126 1506 1185 cunctatio
1531 1140 1608 1186 est
1624 1127 1928 1191 secundum
1941 1127 2054 1189 hoc

320 1217 536 1277 dictum
566 1238 706 1289 esse,
742 1216 894 1297 quod
923 1215 1099 1275 forma
1145 1216 1284 1276 servi
1309 1221 1489 1293 major
1521 1230 1600 1276 est
1630 1217 1802 1283 'Pater
1822 1264 1838 1289 ,
1878 1217 1971 1277 cui
1995 1217 2055 1275 in

317 1306 497 1366 forma
526 1306 634 1365 Dei
657 1304 886 1385 aequalis
908 1318 988 1363 est
1007 1304 1194 1364 Filius.
1226 1306 1341 1363 Nec
1362 1304 1653 1386 quisquam
1670 1314 1801 1367 cu'm
1826 1304 2056 1367 audierit

322 1395 475 1476 quod
514 1392 915 1474 aitsApostolus
943 1415 957 1450 t
992 1419 1019 1446 «
1045 1392 1190 1451 Cum
1221 1406 1401 1452 autem
1439 1394 1679 1466 dixerit,'
1714 1395 1845 1481 quia
1873 1395 2058 1456 omnia

324 1512 351 1539 2)
379 1485 628 1561 subjecta
660 1496 787 1542 sunt
814 1483 899 1556 ei,
935 1480 1284 1542 manifestum
1309 1483 1439 1564 quia
1466 1498 1668 1564 praeter
1697 1505 1823 1545 eum
1850 1484 1948 1567 qui
1977 1483 2058 1544 illi

325 1605 352 1629 ι»
383 1574 620 1650 subjecit
646 1573 886 1645 omnia2,
910 1572 1036 1632 »ita
1060 1572 1325 1631 existimet
1350 1572 1417 1631 de
1441 1576 1599 1632 Patre
1617 1572 2054 1648 intelligendum,

328 1663 481 1746 quod
510 1663 810 1740 subjecerit
833 1662 1017 1721 omnia
1043 1661 1205 1730 Filio,
1232 1676 1295 1721 ut
1319 1663 1503 1743 ipsum
1525 1663 1723 1722 Filium
1753 1663 1859 1721 sibi
1877 1663 2062 1722 omnia

330 1753 625 1829 subjecisse
653 1773 766 1810 non
804 1764 979 1833 putet.
1025 1750 1195 1823 Quod
1234 1752 1528 1832 Apostolus
1569 1752 1637 1811 ad
1676 1752 2061 1832 Philippenses
2135 1755 2138 1758 ⁴

329 1841 566 1901 ostendit
592 1839 779 1900 dicens
817 1863 832 1899 ε
861 1867 889 1894 (ε
913 1842 1110 1899 Nostra
1140 1842 1682 1901 autemconversatio
1701 1841 1759 1900 in
1783 1841 1938 1900 coelis
1959 1854 2059 1911 est;

331 1958 358 1986 »
388 1931 535 1990 unde
553 1943 605 1988 et
623 1929 958 1990 Salvatorem
974 1942 1319 2011 expectamus
1343 1931 1646 1990 Dominum
1670 1935 1851 1990 Jesum
1876 1930 2065 1988 Chris-

331 2049 359 2075 »
389 2034 505 2079 tum
528 2067 543 2092 ,
573 2019 671 2100 qui
701 2018 1113 2095 transfigurabit
1141 2039 1345 2100 corpus
1363 2019 1692 2078 humilitatis
1710 2032 1912 2078 nostrae
1936 2039 2064 2077 con-

334 2139 361 2166 »
387 2111 561 2169 forme
590 2122 652 2167 ut
679 2109 775 2167 fiat
807 2109 1030 2189 corpori
1053 2107 1239 2186 gloriae
1271 2130 1415 2180 suae,
1447 2109 1751 2168 secundum
1784 2109 2065 2191 operatio-

332 2229 360 2256 »
384 2222 509 2259 nem
534 2220 687 2258 suam
707 2221 820 2281 qua
845 2199 1018 2280 possit
1039 2199 1203 2258 etiam
1224 2199 1331 2258 sibi
1354 2199 1622 2276 subjicere
1647 2199 1881 2260 omnia-⁹².
1907 2226 1934 2253 »
1967 2200 2067 2257 In-

334 2287 654 2371 separabilis
681 2289 827 2347 enim
856 2288 1103 2368 operatio
1128 2301 1208 2347 est
1240 2288 1418 2347 Patris
1435 2301 1490 2347 et
1510 2288 1649 2349 Filii.
1679 2288 1942 2369 Alioquin
1966 2309 2067 2346 nec

334 2380 452 2461 ipse
480 2381 646 2438 Pater
677 2378 780 2436 sibi
811 2378 1046 2454 subjecit
1069 2378 1250 2437 omnia
1268 2424 1284 2451 ,
1319 2379 1413 2437 sed
1440 2379 1608 2437 Filius
1630 2378 1678 2438 ei
1701 2378 1956 2455 subjecit,
1972 2378 2070 2458 qui

334 2465 383 2527 ei
412 2489 642 2545 regnum
671 2466 875 2539 tradit,
899 2480 952 2525 et
978 2480 1208 2527 evacuat
1231 2489 1448 2525 omnem
1469 2468 1845 2548 principatum
1865 2480 1919 2525 et
1944 2488 2069 2525 om-

332 2580 460 2617 nem
486 2570 810 2639 potestatem
840 2569 894 2616 et
919 2556 1198 2617 virtutem.
1253 2558 1335 2616 De
1369 2557 1507 2615 Filio
1539 2556 1751 2637 quippe
1778 2556 1881 2614 ista
1918 2554 2071 2615 dicta

333 2661 460 2707 sunt
489 2670 503 2705 ε
528 2675 555 2702 (ι
575 2647 718 2706 Cum
731 2646 1039 2719 tradiderit,
1063 2647 1266 2728 inquit,
1287 2667 1514 2724 regnum
1533 2647 1646 2704 Deo
1670 2659 1725 2704 et
1747 2646 1920 2720 Patri,
1941 2667 2071 2705 cum

331 2765 360 2792 »
388 2738 736 2799 evacuaverit
763 2758 982 2796 omnem
1010 2737 1390 2818 principatum
1418 2749 1472 2794 et
1501 2757 1714 2794 omnem
1745 2748 2071 2816 potestatem

327 2855 354 2881 >2
377 2842 439 2898 »et
466 2824 730 2887 virtutem
747 2826 790 2888 4.
814 2854 840 2880 ›>
864 2829 986 2908 Ipse
1015 2827 1161 2885 enim
1189 2825 1419 2903 subjicit
1442 2873 1456 2897 ‚
1493 2826 1590 2907 qui
1621 2838 1870 2885 evacuat.

410 2918 561 2978 XVI.
614 2919 728 2976 Nec
763 2917 840 2975 sic
881 2917 1214 2975 arbitremur
1253 2916 1540 2974 Christum
1571 2915 1904 2974 traditurum
1943 2937 2071 2991 reg-

331 3028 467 3066 num
503 3010 619 3065 Deo
643 3019 698 3064 et
725 3001 879 3064 Patri
904 3053 920 3079 ‚
960 3019 1020 3064 ut
1049 3005 1256 3064 adimat
1288 3005 1413 3066 sibi.
1453 3007 1594 3065 Nam
1623 3019 1677 3064 et
1707 3005 1818 3064 hoc
1843 3003 2073 3087 quidam

393 3133 407 3162 ¹
431 3135 557 3176 Joan.
581 3122 666 3182 xxv,
696 3133 768 3174 28.
800 3153 856 3163 —-
884 3128 904 3159 2
942 3144 958 3171 1
993 3133 1088 3173 Cor.
1121 3145 1188 3183 xv,
1214 3145 1285 3183 27.
1314 3153 1372 3165 —
1396 3127 1416 3161 3
1439 3128 1593 3190 Philip.
1615 3146 1684 3190 ιιι,
1709 3146 1777 3176 ao.
1801 3152 1859 3164 —-
1880 3126 1900 3161 ⁴
1927 3146 1944 3172 1
1973 3131 2071 3176 Cor.

332 3216 406 3255 μιν,
434 3208 505 3247 24.
