2144 3808
251 319 365 395 492
407 359 409 363 ,
781 335 825 372 5.
878 333 1185 372 Aneusrlm
1230 330 1486 369 muscom
1522 368 1525 371 ,

250 416 600 498 disciplinam
624 462 639 488 ,
671 437 781 496 qua
804 415 863 473 in
884 415 1152 475 evitandis
1182 413 1340 471 malis
1366 412 1635 494 bonisque
1658 414 1981 495 appetendis

251 505 394 562 actio
434 518 618 563 nostra
656 517 934 573 versatur3
958 517 1010 562 et
1040 501 1328 585 quidquid.
1366 515 1595 581 propter
1622 503 1864 584 exempla
1893 503 1981 562 vel
2031 549 2034 553 f

250 592 514 663 cavenda,
537 591 928 663 velimitanda,
958 604 1011 648 et
1037 602 1266 671 propter
1286 609 1629 689 quarumque
1649 612 1829 649 rerum
1854 611 1981 671 quae

250 681 447 739 nostris
469 679 882 739 accommodata
904 692 1030 737 sunt
1066 680 1256 737 usibus
1292 679 1590 738 necessaria
1622 679 1976 779 documenta,

246 770 512 827 historica
536 769 847 855 cognitione
872 767 1197 844 colligimus,

329 859 542 916 XXIII.
565 859 647 915 De
667 857 755 915 his
775 877 903 932 ergo
925 877 1099 914 sermo
1117 876 1245 914 cum
1268 854 1356 926 sit,
1386 877 1509 913 eum
1532 855 1772 914 scientiae
1784 875 1981 913 sermo-

246 968 372 1005 nem
400 960 538 1027 puto
561 945 980 1004 discernendum
1021 968 1050 1002 a
1092 966 1337 1002 sermone
1380 945 1685 1024 sapientiae,
1700 935 1788 1021 iad
1815 965 1983 1024 quain

245 1035 521 1115 pertinent
545 1056 606 1092 ea
625 1055 753 1113 quae
775 1053 875 1089 nec
908 1031 1154 1101 fuerunt,
1182 1052 1284 1088 nec
1318 1030 1506 1088 futura
1534 1045 1680 1101 sunt,
1714 1031 1807 1089 sed
1827 1045 1976 1101 sunt,

249 1136 301 1179 et
333 1136 564 1202 propter
588 1141 706 1177 eam
737 1118 1119 1189 aeternitatem,
1144 1118 1200 1176 in
1221 1138 1329 1196 qua
1355 1131 1501 1188 sunt,
1539 1131 1592 1175 et
1619 1117 1780 1176 fuisse
1795 1131 1848 1175 et
1874 1139 1982 1176 esse

245 1222 298 1266 et
317 1209 503 1267 futura
525 1230 635 1267 6556
655 1207 940 1278 dicuntur,
969 1207 1081 1264 sine
1103 1206 1216 1264 ulla
1248 1205 1616 1264 mutabilitate
1642 1220 1973 1286 temporum.

245 1298 370 1355 Non
390 1297 534 1355 enim
557 1297 634 1354 sic
648 1295 872 1354 fuerunt
891 1307 951 1352 ut
967 1316 1076 1352 6556
1102 1293 1429 1364 desinerent,
1451 1307 1545 1351 aut
1560 1294 1637 1352 sic
1656 1294 1839 1352 futura
1856 1306 1985 1351 sunt

247 1386 403 1465 quasi
431 1407 579 1443 nunc
595 1406 707 1443 non
730 1384 871 1441 sint:
894 1382 986 1440 sed
1002 1382 1246 1463 idipsum
1263 1403 1373 1439 esse
1400 1396 1613 1463 semper
1640 1382 1978 1451 habuerunt,

247 1472 734 1552 semperbabitura
750 1484 894 1530 sunt.
919 1471 1144 1528 Manent
1162 1483 1341 1528 autem
1354 1517 1367 1541 ,
1389 1491 1502 1527 non
1515 1483 1778 1549 tanquam
1792 1470 1850 1527 in
1863 1491 1985 1550 spa-

245 1561 334 1619 tiis
354 1561 605 1619 locorum
642 1562 745 1617 fixa
770 1558 941 1617 veluti
970 1580 1204 1639 corpora
1238 1580 1252 1615 ε
1287 1558 1378 1616 sed
1407 1560 1465 1616 in
1493 1568 1690 1616 natura
1717 1559 1984 1638 incorpo-

247 1647 346 1706 rali
367 1648 444 1706 sic
486 1647 849 1723 intelligibilia
872 1660 1075 1726 praesto
1106 1659 1230 1703 sunt
1252 1646 1446 1704 mentis
1469 1647 1778 1726 aspectibus
1797 1692 1811 1717 ,
1844 1646 1985 1704 sicut

246 1736 348 1794 ista
377 1738 434 1793 in
457 1736 592 1794 locis
619 1735 858 1795 visibilia
875 1735 962 1794 vel
993 1734 1409 1793 contrectabilia
1436 1736 1683 1815 corporis
1711 1735 1974 1793 sensibus,

248 1823 374 1881 Non
397 1837 579 1881 autem
623 1823 798 1881 solum
831 1844 1012 1881 rerum
1057 1821 1446 1880 sensibilium
1431 1845 1489 1880 111
1523 1822 1657 1881 16615
1679 1822 1985 1903 positarum

247 1912 359 1968 sine
394 1913 583 1991 spatiis
619 1911 890 1969 localibus
923 1925 1144 1968 manent
1177 1911 1546 1986 intelligibiles
1579 1910 1983 1991 incorporales-

246 2020 352 2078 que
377 1999 632 2070 rationeS,
668 1999 1020 2057 verumetiam
1042 1999 1351 2056 motionum
1373 2000 1429 2056 in
1451 2000 1797 2098 temporibus
1826 2012 1984 2056 tran—

241 2087 515 2145 seuntium
546 2088 660 2145 sine
686 2087 978 2167 temporali
1015 2088 1254 2144 transitu
1279 2099 1423 2144 stant
1441 2088 1602 2144 etiam
1626 2088 1762 2167 ipsae
1788 2087 1983 2167 utique

242 2174 637 2274 intelligibiles,
667 2197 779 2233 non
815 2175 1112 2234 sensibiles,
1148 2174 1235 2233 Ad
1260 2196 1394 2274 quas
1418 2175 1610 2233 mentis
1641 2176 1754 2233 acie
1778 2197 1980 2256 perve-

241 2264 357 2322 nire
377 2286 688 2362 paucorum
713 2278 823 2334 est;
844 2278 1037 2323 etcum
1068 2264 1405 2344 pervenitul,
1429 2277 1698 2344 quantum
1736 2264 1984 2362 fieripo-

246 2364 369 2422 test,
403 2373 514 2410 non
548 2352 606 2409 in
629 2352 703 2410 eis
731 2366 914 2410 manet
930 2373 1047 2432 ipse
1071 2365 1386 2432 perventor
1410 2352 1501 2409 scd
1535 2352 1704 2410 veluti
1728 2352 1839 2434 acie
1866 2351 1986 2449 ipsa

245 2440 592 2498 reverberata
608 2440 912 2520 repellitur,
933 2454 986 2499 61
1009 2441 1072 2497 fit
1090 2440 1168 2497 rei
1192 2461 1303 2498 non
1330 2441 1655 2498 transitoriae
1674 2453 1983 2498 tians1tor1a

246 2528 523 2603 cogitatio,
562 2528 704 2599 Quae
724 2542 903 2586 tamen
934 2528 1204 2621 cogitatio
1234 2528 1494 2585 transiens
1515 2549 1615 2608 per
1637 2527 1978 2608 disciplinaS,

243 2617 448 2698 quibus
481 2615 753 2687 eruditur,
790 2617 1002 2675 animus
1033 2604 1312 2674 memoriae
1342 2615 1780 2686 commendatur,
1811 2627 1872 2672 ut
1914 2614 1983 2671 sit

246 2725 358 2784 quo
385 2703 564 2762 redire
584 2706 783 2785 possit,
810 2726 937 2786 quae
961 2706 1229 2780 cogitetur
1255 2704 1384 2762 inde
1412 2703 1686 2762 transire.
1733 2701 1984 2783 quamvis

245 2793 289 2850 si
335 2792 403 2850 ad
427 2794 743 2851 memoriam
774 2794 1036 2869 cogitatio
1058 2814 1170 2851 non
1203 2792 1425 2863 rediret,
1455 2805 1616 2873 atque
1648 2791 1801 2873 quod
1827 2812 1980 2848 com·

244 2880 600 2938 mendaverat
627 2882 709 2939 ibi
732 2882 1022 2953 inveniret,
1066 2881 1219 2939 velut
1237 2881 1391 2939 rudis
1422 2880 1492 2938 ad
1517 2880 1626 2938 hoc
1649 2881 1790 2938 sicut
1814 2879 1982 2937 ducta

206 3043 210 3050 .
245 2967 423 3025 suerat
445 2967 761 3041 duceretur,
792 2969 962 3050 idque
986 2969 1254 3029 inveniret
1285 2969 1383 3027 ubi
1407 2969 1650 3049 primum
1675 2970 1976 3038 invenerat,

242 3053 410 3112 milla
429 3055 666 3113 seilicet
651 3078 975 3137 incorporea
1005 3058 1251 3128 veritate,
1286 3055 1431 3116 unde
1462 3078 1650 3119 rursus
1670 3057 1825 3138 quasi
1853 3043 1980 3115 des-

245 3143 486 3224 criptum
510 3143 569 3201 in
603 3147 864 3203 memoria
891 3148 1160 3223 figeretur.
1207 3149 1397 3229 Neque
1442 3148 1586 3207 enim
1608 3147 1748 3206 sicut
1771 3158 1974 3217 manet,

236 3232 390 3293 verbi
417 3232 886 3313 gratia,quadrati
914 3235 1162 3315 corporis
1190 3235 1557 3315 incorporalis
1577 3248 1629 3296 et
1664 3235 1978 3295 incommu-
