2144 3808
348 317 456 388 164
824 373 830 379 ,
869 335 914 374 s,
966 333 1275 374 Aucus‘rtm
1317 328 1620 384 Erlscoprffi

339 417 479 478 ciem
499 430 650 477 tuam
669 416 804 478 vidi.
830 416 901 474 Et
923 416 1076 497 quod
1098 417 1207 475 ait:
1229 444 1256 471 α
1279 418 1558 477 Abscondi
1574 440 1660 476 me
1677 465 1692 491 ,
1727 417 1857 499 quia
1877 417 2059 478 nudus

339 535 366 562 >2
386 506 547 567 sum:
569 506 596 560 »'
624 505 798 566 videri
825 507 878 562 se
918 527 949 562 a
988 505 1103 562 Deo
1141 505 1354 577 timuit,
1390 529 1502 565 non
1532 529 1562 565 a
1597 529 1650 566 se
1673 507 1853 565 Deum
1881 508 2058 567 visum

319 618 445 674 *esse
471 593 812 654 monstravit.
861 593 1001 650 Nam
1039 592 1084 649 si
1120 614 1223 651 vox
1251 593 1476 674 quando
1517 595 1772 668 auditur,
1814 597 2061 677 sequitur

332 685 470 747 visio
509 706 524 742 ι
551 683 696 742 visus
723 694 800 740 est
823 693 878 738 et
902 681 1046 738 Deus
1074 681 1240 739 Pater
1275 682 1485 762 quoties
1517 704 1650 743 voce
1678 698 1959 744 attestatus
1981 699 2058 743 est

328 774 488 834 Filio.
509 772 778 832 Novimus
791 771 1004 853 quippe
1024 770 1083 829 in
1100 771 1396 848 Evangelio
1415 774 1584 833 verba
1597 775 1771 833 Patris
1790 777 2051 847 sonantiS,

331 877 494 945 atque
518 861 749 922 dicentis
786 883 800 919 ε
828 862 948 919 «Tu
975 881 1030 919 es
1053 860 1221 920 Filius
1243 882 1394 920 meus
1414 861 1703 937 dilectus-1,
1731 891 1757 918 ³>
1780 878 1882 925 etc.
1899 911 1914 936 ,
1957 866 2056 923 ubi

329 953 546 1012 auditus
570 951 641 1010 ab
668 949 993 1010 hominibus
1014 996 1029 1022 ,
1060 970 1173 1007 non
1200 962 1381 1008 tamen
1407 952 1554 1010 visus
1575 965 1669 1012 est.
1714 954 1795 1011 Ac
1822 974 1923 1032 per
1945 952 2054 1011 hoc

326 1054 381 1100 et
403 1041 464 1100 in
497 1039 605 1099 illis
638 1038 819 1099 verbis
854 1058 981 1119 quae
1013 1037 1301 1115 adjungis,
1334 1039 1435 1097 ubi
1462 1038 1598 1098 dicit
1634 1062 1648 1098 t
1687 1067 1714 1094 c<
1737 1041 1872 1113 Quis
1904 1062 2054 1100 nun-

325 1156 354 1184 »
379 1128 538 1208 tiavit
559 1125 665 1186 tibi
681 1173 697 1199 ,
722 1125 853 1207 quia
875 1124 1057 1184 nudus
1081 1129 1173 1184 es?
1198 1152 1224 1179 >2
1241 1139 1294 1185 et
1308 1128 1620 1208 sequentia:
1646 1129 1832 1209 potuit
1848 1128 2048 1201 audiri,

323 1230 379 1277 et
405 1238 518 1276 non
544 1214 720 1275 videri
750 1215 916 1274 Deus,
959 1212 1223 1272 Nondum
1250 1214 1432 1295 itaque
1457 1214 1667 1297 aliquid
1710 1238 1770 1274 ex
1790 1237 1866 1274 eo
1900 1216 2052 1297 quod

319 1304 648 1387 promiseras
682 1301 873 1360 dixisse
896 1315 949 1359 te
972 1300 1100 1362 vide
1139 1324 1155 1359 ε
1192 1315 1246 1360 et
1275 1302 1366 1360 dic
1396 1303 1619 1361 tandem
1659 1304 1869 1384 aliquid
1899 1305 2049 1385 quod

316 1393 588 1452 discutere
626 1390 960 1462 debeamus,
1020 1402 1112 1447 aut
1155 1390 1308 1470 quod
1355 1412 1461 1471 pro
1497 1404 1591 1449 tua
1615 1414 1777 1451 causa
1818 1414 1926 1451 esse
1960 1393 2049 1450 fa-

315 1495 546 1541 teamur.

396 1571 460 1630 50
492 1596 520 1623 «
542 1568 652 1628 Hic
679 1571 859 1636 DeuS,
889 1567 1100 1648 inquiS,
1131 1581 1186 1626 et
1213 1567 1457 1629 Abrahae
1480 1570 1625 1631 visus
1651 1584 1794 1630 est.»
1851 1570 2039 1629 Visum

314 1681 424 1720 esse
436 1661 617 1718 Deum
632 1656 878 1718 Abrahae
890 1677 1083 1733 negare
1097 1678 1207 1715 non
1217 1679 1526 1737 possumus,
1541 1659 1825 1741 Scriptura
1837 1659 2047 1741 quippe

311 1748 627 1808 fidelissima
657 1745 991 1828 apertissime
1018 1745 1130 1804 hoc
1153 1746 1432 1827 loquitur,
1464 1747 1649 1806 dicens
1691 1771 1705 1806 ε
1742 1749 1941 1808 «Visus
1967 1763 2046 1808 est

310 1866 339 1893 >2
369 1851 551 1898 autem
595 1835 678 1895 illi
715 1838 868 1894 Deus
891 1834 962 1894 ad
987 1856 1255 1916 quercum
1274 1837 1550 1897 Mambre.
1573 1864 1600 1891 »
1623 1837 1730 1896 Sed
1755 1860 1929 1919 neque
1948 1839 2044 1897 hic

308 1947 619 2008 expressum
643 1936 754 1996 est,
786 1937 974 1982 utrum
994 1928 1157 1982 Pater
1188 1947 1258 1983 an
1288 1925 1474 1986 Filius.
1522 1926 1666 1984 Cum
1698 1939 1880 2006 aute-m
1909 1949 2042 1985 nar—

307 2027 454 2074 raret
477 2013 763 2094 Scriptura
781 2058 797 2084 ,
822 2011 1104 2092 quomodo
1129 2012 1179 2070 ei
1201 2012 1347 2071 visus
1368 2014 1436 2072 sit
1454 2016 1602 2071 Deus
1620 2061 1634 2085 ,
1663 2027 1769 2072 tres
1794 2015 1942 2074 viros
1962 2014 2042 2073 illi

307 2102 626 2184 apparuisse
653 2099 895 2160 declarat
915 2147 931 2173 ,
963 2100 1022 2158 in
1046 2101 1252 2180 quibus
1280 2102 1451 2178 magis
1474 2102 1592 2183 ipsa
1629 2104 1868 2162 Trinitas
1895 2150 1909 2174 ,
1943 2104 2040 2184 qui

305 2214 449 2251 unus
477 2204 556 2250 est
578 2192 726 2249 Deus
749 2237 763 2260 ,
796 2203 942 2248 recte
963 2189 1194 2266 intelligi
1218 2203 1412 2270 potest.
1445 2192 1698 2272 Denique
1717 2205 1823 2250 tres
1852 2191 2003 2249 videt
2020 2239 2034 2263 ,

305 2295 361 2340 et
382 2302 494 2339 non
517 2279 784 2337 Dominos
803 2325 818 2350 ,
850 2277 944 2336 sed
975 2278 1276 2337 Dominum
1307 2279 1551 2360 appellat
1568 2327 1582 2352 ,
1622 2281 1881 2361 quoniam
1906 2281 2038 2339 Tri-

304 2370 448 2446 nitas
475 2382 582 2426 tres
597 2366 822 2449 quidem
846 2387 1096 2447 personae
1118 2381 1246 2424 sunt
1261 2414 1275 2440 ,
1298 2367 1390 2425 sed
1414 2389 1553 2427 unus
1570 2368 1838 2426 Dominus
1867 2370 2027 2428 DeuS.

306 2459 400 2517 Sic
430 2470 612 2516 autem
635 2468 891 2514 narratur
920 2453 1070 2535 quod
1093 2454 1235 2512 vidit
1266 2454 1550 2515 Abraham
1586 2478 1599 2514 t
1635 2484 1659 2510 ε(
1678 2457 1994 2537 Respiciens
2015 2503 2031 2528 ,

304 2574 331 2600 >2
357 2545 539 2627 inquit
560 2592 576 2618 ,
608 2543 781 2602 oculis
802 2543 911 2602 suis
941 2543 1082 2601 vidit
1102 2589 1117 2615 ,
1152 2556 1207 2601 et
1229 2566 1353 2603 ecce
1375 2558 1479 2603 tres
1500 2546 1604 2604 viri
1633 2546 1851 2603 stabant
1873 2566 2036 2625 super

302 2661 331 2690 2>
363 2656 517 2706 eum,
546 2631 810 2692 et'videns
836 2632 1118 2712 procurrit
1140 2631 1199 2689 in
1229 2633 1450 2691 obviam
1469 2633 1577 2691 illis
1600 2633 1670 2690 ab
1698 2633 1834 2690 ostio
1855 2634 2034 2691 taber-

302 2749 329 2776 »
362 2722 548 2782 naculi
570 2721 689 2793 sui,
719 2733 773 2779 et
790 2720 1039 2780 adoravit
1055 2741 1217 2800 super
1233 2734 1432 2779 terram
1453 2767 1468 2793 ,
1491 2734 1546 2778 et
1564 2720 1698 2779 dixit
1725 2743 1738 2778 ε
1769 2722 2027 2794 Domine,

299 2838 327 2865 >>
354 2811 401 2870 si
434 2810 619 2869 inveni
647 2809 874 2885 gratiam
904 2821 1025 2866 ante
1046 2821 1118 2879 te,
1143 2830 1211 2866 ne
1227 2821 1516 2888 praetereas
1539 2830 1753 2867 servum
1779 2822 1935 2866 tuum
1950 2812 2031 2867 ².»

298 2900 406 2958 Hic
439 2898 689 2958 videmus
721 2910 826 2955 tres
853 2896 998 2955 viros
1030 2897 1380 2976 apparuisse,
1425 2910 1479 2954 et
1518 2918 1691 2956 unum
1728 2897 2028 2955 Dominum

297 2986 410 3046 dici
430 3033 446 3059 ,
489 3006 772 3066 unumque
812 2984 1114 3043 Dominum
1155 2985 1336 3060 rogari
1374 3007 1441 3043 ne
1484 2998 1776 3066 praetereat
1814 3006 2026 3043 servum

293 3096 452 3134 suum
462 3121 477 3147 ,
504 3073 766 3154 quoniam
783 3073 1036 3148 congruit
1052 3073 1167 3130 Deo
1186 3073 1402 3132 visitare
1414 3073 1647 3133 famulos
1659 3095 1796 3133 suos‚
1816 3074 2027 3152 Deinde

290 3178 401 3224 tres
440 3183 697 3244 personas
731 3161 1017 3242 pluraliter
1051 3162 1381 3244 alloquitur,
1429 3162 1614 3222 dicens
1648 3184 1663 3222 ε
1710 3162 2022 3221 «Sumatur

349 3270 364 3299 ¹
388 3271 519 3311 Marc.
544 3279 572 3317 Ι,
600 3279 616 3305 1
633 3281 670 3311 ι.
687 3286 747 3297 -—
766 3263 786 3294 2
807 3269 915 3309 Gen.
941 3279 1059 3317 xvm,
1091 3268 1171 3307 1-3.
