2144 3808
330 349 596 389 COLLATIO
641 348 753 386 CUM
796 345 1084 385 MAXIMINO
1130 344 1466 385 ARIANOBUM
1508 348 1679 386 EPISC.
1776 327 1850 387 25

133 433 242 490 hoc
282 432 406 490 dico
447 444 500 488 et
542 429 609 487 de
646 427 1055 501 invisibilitate,
1102 427 1363 508 quoniam
1410 427 1640 486 visibilis
1685 428 1851 487 Filius

133 534 365 601 propter
385 518 626 577 eamdem
653 517 886 576 formam
914 517 1050 576 servi
1076 516 1256 575 dictus
1280 529 1375 575 est.

217 609 489 666 Caeterum
518 619 785 687 quantum
817 605 1005 663 attinet
1028 604 1095 663 ad
1125 605 1302 685 ipsam
1326 603 1567 662 divinam
1593 603 1852 661 substan·-

135 697 290 770 tiam,
331 696 416 754 vel
443 695 620 753 Patris
640 742 654 766 ,
686 693 773 753 vel
803 694 952 764 Filii,
991 693 1079 753 vel
1119 693 1357 773 Spiritus
1386 691 1556 750 sancti
1575 738 1589 763 ,
1631 692 1853 749 omnino

134 797 211 844 est
224 783 540 854 invisibilis,
581 785 721 842 Nam
752 782 975 863 quando
1006 803 1060 840 se
1096 781 1350 861 patribus
1388 779 1643 838 divinitas
1670 792 1854 837 osten-

134 873 331 942 debat,
398 894 499 952 per
553 872 852 947 subjectam
900 883 1203 928 creaturam
1258 890 1311 926 se
1369 867 1698 926 invisibilem
1753 866 1854 924 de-

133 960 488 1020 monstrabat.
530 961 672 1018 Nam
699 981 798 1039 per
825 958 1000 1039 ipsam
1038 979 1189 1016 suam
1222 969 1474 1015 naturam
1504 976 1676 1036 usque
1720 955 1854 1014 adeo

132 1048 417 1107 invisibilis
443 1061 549 1119 est,
567 1043 570 1046 “
586 1060 648 1105 ut
671 1047 786 1127 ipse
804 1047 1017 1127 Moyses
1041 1046 1088 1104 ei
1116 1066 1239 1104 cum
1271 1066 1381 1125 quo
1406 1043 1544 1102 facie
1566 1043 1636 1101 ad
1662 1042 1855 1101 faciem

133 1135 491 1216 loquebatur,
515 1136 748 1207 diceret,
779 1162 804 1188 «
833 1134 891 1192 Si
907 1135 1090 1192 inveni
1109 1134 1338 1210 gratiam
1369 1147 1491 1191 ante
1511 1145 1565 1190 te
1589 1178 1604 1204 ,
1637 1130 1857 1190 ostende

140 1248 167 1276 »
197 1222 259 1280 hi
291 1224 630 1305 temetipsum
655 1221 987 1282 manifeste1.
1015 1247 1041 1275 ›>
1068 1222 1300 1285 Volebat
1328 1221 1473 1279 enim
1501 1242 1627 1278 eum
1648 1219 1853 1291 videre,

132 1311 274 1369 sicut
320 1311 537 1370 videtur
577 1312 723 1369 Deus
764 1310 935 1369 oculis
972 1310 1171 1370 cordis,
1223 1337 1250 1363 «
1279 1309 1433 1367 Beati
1478 1309 1622 1367 enim
1663 1306 1859 1366 mundi

135 1423 162 1450 >›
192 1398 382 1471 corde,
415 1400 543 1480 quia
565 1399 671 1478 ipsi
698 1400 874 1456 Deum
898 1397 1226 1458 videbunt2.
1263 1425 1290 1450 »
1315 1398 1406 1455 Sic
1429 1396 1650 1455 volebat
1676 1394 1859 1454 videre

138 1487 348 1566 Moyses
364 1509 488 1545 eum
517 1488 607 1545 cui
632 1486 854 1544 dicebat
874 1507 888 1542 ι
906 1511 932 1538 c<
953 1486 1192 1544 Ostende
1209 1486 1347 1543 mihi
1372 1484 1719 1564 temetipsum
1747 1505 1857 1541 ma-

135 1599 163 1628 »
186 1574 374 1633 nifeste
402 1597 415 1632 ε
446 1602 473 1629 »
496 1576 637 1633 sicut
665 1587 718 1632 et
746 1574 1045 1633 invisibilia
1076 1576 1178 1632 Dei
1199 1596 1300 1654 per
1321 1596 1382 1632 ea
1411 1595 1538 1653 quae
1565 1571 1711 1630 facta
1734 1586 1862 1631 sunt

135 1663 563 1744 conspiciuntur.
602 1663 692 1722 Sic
720 1662 864 1720 enim
889 1662 963 1720 ait
988 1662 1317 1742 Apostolus:
1339 1688 1365 1714 c<
1389 1659 1693 1720 Invisibilia
1715 1660 1860 1719 enim

136 1777 163 1805 >³
190 1755 305 1826 ejus
339 1772 438 1832 per
467 1774 529 1810 ea
566 1773 693 1832 quae
731 1750 876 1809 facta
914 1763 1041 1808 sunt
1082 1750 1358 1808 intellecta
1406 1748 1821 1828 conspiciuntur
1843 1796 1858 1821 ,

136 1864 163 1892 ›>
192 1839 518 1919 sempiterna
565 1859 785 1919 quoque
832 1838 1005 1896 virtus
1044 1842 1157 1914 ejus
1200 1860 1263 1896 ac
1312 1837 1570 1897 divinitas
1586 1836 1628 1894 3.
1665 1862 1691 1888 >³
1722 1838 1865 1895 Ecce

134 1926 486 2002 intelligendo
530 1927 948 2007 conspiciuntur
977 1925 1273 1984 invisibilia
1312 1926 1445 1996 Dei,
1476 1938 1528 1982 et
1554 1937 1734 1982 tamen
1772 1924 1865 1982 in-

138 2015 373 2073 visibilia
397 2015 674 2075 dicuntur.
715 2016 784 2072 Et
809 2014 994 2073 omnia
1022 2037 1122 2095 per
1146 2015 1329 2096 ipsum
1352 2015 1498 2072 facta
1521 2026 1647 2071 sunt
1676 2012 1866 2072 Chris-

138 2103 321 2174 tumh,
367 2118 418 2162 et
451 2105 685 2164 visibilia
733 2119 786 2162 et
815 2104 1110 2184 invisibilia
1134 2151 1148 2175 ,
1197 2118 1250 2162 et
1278 2105 1393 2185 ipse
1440 2127 1469 2161 a
1522 2103 1683 2160 nobis
1718 2101 1869 2160 credi

137 2192 367 2251 visibilis
383 2195 590 2274 potest?
606 2194 752 2252 Hinc
776 2194 936 2251 etiam
961 2192 1098 2250 dicis
1119 2192 1186 2250 de
1213 2194 1377 2250 Patre
1401 2205 1613 2249 tantum
1638 2189 1869 2264 intelligi

140 2279 336 2338 debere
369 2280 520 2360 quod
552 2281 626 2338 ait
662 2281 981 2360 ApostOIUS,
1012 2307 1037 2332 «
1066 2280 1180 2338 Soli
1213 2280 1444 2360 sapienti
1473 2280 1587 2337 Deo
1601 2278 1643 2338 ⁵.
1674 2304 1700 2331 ›>
1723 2279 1868 2353 Ergo

141 2366 284 2425 solus
308 2380 386 2426 est
415 2369 576 2425 Pater
606 2368 750 2425 Deus
782 2369 1022 2447 sapiens,
1055 2381 1108 2425 et
1134 2389 1243 2425 non
1273 2381 1352 2426 est
1379 2367 1592 2449 sapiens
1619 2366 1738 2441 ipsa
1767 2364 1870 2423 Dei

144 2454 420 2534 Sapientia
439 2501 455 2526 ,
506 2454 658 2536 quod
705 2468 783 2511 est
831 2455 1115 2526 Christus,
1152 2455 1219 2513 de
1265 2477 1376 2535 quo
1426 2455 1501 2513 ait
1539 2453 1866 2534 Apostolus,

145 2542 430 2601 Christum
456 2543 556 2600 Dei
587 2543 861 2609 Virtutem
883 2556 935 2599 et
962 2543 1060 2599 Dei
1094 2542 1429 2622 Sapientiam
1446 2544 1488 2602 ⁶.
1526 2543 1782 2622 Superest
1811 2554 1874 2599 ut

144 2631 339 2690 dicatis
383 2631 555 2712 (quid
583 2632 726 2689 enim
771 2653 883 2689 non
923 2631 1198 2710 audetis?)
1238 2632 1584 2711 insipientem
1625 2651 1733 2688 esse
1767 2631 1874 2688 Sa·-

143 2719 407 2800 pientiam
442 2720 560 2779 Dei.
599 2719 690 2778 Sic
722 2732 903 2777 autem
938 2719 1076 2778 dicis
1122 2720 1337 2777 Patrem
1386 2717 1651 2776 infectum
1674 2764 1688 2789 ‚
1719 2716 1876 2797 quasi

148 2806 314 2864 Filius
340 2805 518 2865 factus
542 2805 639 2879 sit,
675 2828 775 2887 per
804 2828 966 2887 quem
996 2806 1141 2865 facta
1173 2820 1297 2864 sunt
1331 2805 1531 2871 omnia,
1571 2806 1722 2864 Scito
1752 2804 1876 2863 fac-

146 2907 265 2952 tum
307 2915 415 2952 esse
446 2895 643 2953 Filium
665 2941 679 2967 ,
718 2894 810 2952 sed
842 2895 895 2952 in
928 2895 1103 2954 forma
1131 2895 1287 2954 servi.
1320 2896 1459 2952 Nam
1486 2894 1543 2951 in
1570 2892 1745 2952 forma
1776 2892 1878 2950 Dei

148 3004 317 3064 usque
345 2982 479 3040 adeo
505 3005 616 3041 non
644 2996 722 3041 est
747 2982 922 3042 factus
941 3031 955 3054 ,
978 2997 1040 3042 ut
1070 3004 1170 3064 per
1192 2983 1349 3041 illum
1371 2981 1516 3040 facta
1540 2982 1648 3040 sint
1668 2980 1868 3039 omnia.

151 3072 209 3130 Si
236 3071 382 3130 enim
411 3071 526 3152 ipse
560 3070 736 3129 factus
766 3084 845 3129 est
864 3118 878 3143 ,
900 3093 1012 3130 non
1039 3093 1140 3153 per
1161 3071 1315 3130 illum
1341 3083 1466 3129 sunt
1495 3070 1677 3128 omnia
1697 3068 1841 3127 faeta
1858 3113 1872 3138 ‚

211 3195 224 3224 ¹
250 3194 382 3236 Exod.
408 3207 557 3242 xxxin,
579 3195 646 3235 13.
676 3216 729 3224 --
751 3192 771 3222 ‘²
789 3193 935 3236 Manli.
953 3210 993 3252 v,
1023 3197 1063 3237 8.
1081 3218 1137 3227 --
1160 3191 1178 3223 ³
1197 3199 1314 3236 Rom.
1346 3209 1373 3244 1,
1402 3209 1523 3236 20.—
1554 3190 1571 3221 ⁴
1591 3196 1706 3234 Joan.
1727 3206 1756 3242 1,
1781 3192 1880 3231 3.—

151 3259 169 3290 5
191 3265 309 3304 Rom.
331 3275 417 3313 xvt,
437 3276 507 3313 27.
532 3282 584 3291 —
605 3256 624 3287 ⁶
650 3274 670 3299 2
689 3261 785 3303 Cor.
807 3275 838 3315 ι,
861 3270 930 3309 ²4·
