2144 3808
643 347 715 386 nn
756 344 1076 398 mmmm,
1122 346 1233 384 mn.
1277 347 1368 387 111.
1746 329 1861 390 283

141 454 169 486 >³
203 453 296 490 nes
315 433 458 490 enim
481 428 793 488 mortalium
818 428 1026 486 timidae
1043 440 1095 485 et
1118 428 1342 486 incertae
1367 430 1728 508 providentiae
1741 451 1864 490 nos-

139 546 169 574 »
199 522 544 599 trae.Corpus
559 519 703 576 enim
729 517 878 598 quod
902 516 1299 596 corrumpitur,
1323 531 1578 593 aggravat
1601 519 1860 591 animam,

131 635 169 662 -»
198 622 251 667 et
277 607 540 688 deprimit
574 620 785 665 terrena
817 605 1149 664 inhabitatio
1183 626 1395 663 sensum
1420 605 1592 664 multa
1622 607 1864 682 cogitan-

142 722 170 750 »
201 709 324 756 tem.
372 700 408 753 ii
416 710 439 754 t
465 695 686 754 difficile
711 695 1042 753 aestimamus
1065 714 1192 775 quae
1214 693 1272 750 in
1296 706 1436 751 terra
1458 706 1625 762 sunt,
1657 707 1712 752 et
1741 714 1868 774 quae

142 784 171 838 »’
196 784 254 844 in
277 798 567 866 perspectu
592 796 750 853 sunt,
775 782 1081 840 invenimus
1110 802 1236 840 cum
1261 782 1486 850 labore3
1516 803 1644 863 quae
1669 781 1727 841 in
1756 802 1869 841 coe-

143 898 170 926 »
199 873 264 931 lis
291 886 418 930 sunt
447 886 656 943 autem,
689 872 812 952 quis
833 870 1180 947 investigabit
1195 874 1253 929 P»
1274 869 1381 928 Sed
1406 870 1534 951 quia
1555 871 1798 952 sequitur
1817 883 1871 928 et
1935 897 1941 903 ·

144 959 280 1019 dicit
309 983 323 1018 z
358 987 384 1012 «
408 961 636 1019 Sensum
663 973 842 1018 autem
870 973 1026 1017 tuum
1051 959 1174 1040 quis
1202 958 1332 1030 scit,
1357 959 1462 1017 nisi
1477 972 1539 1017 tu
1557 953 1770 1017 dederis
1788 979 1871 1016 sa-

145 1074 172 1102 »
201 1049 464 1129 pientiam
482 1096 496 1122 ‚
529 1063 582 1108 et
601 1048 807 1107 miseris
832 1048 1101 1130 Spiritum
1129 1061 1378 1107 sanctum
1398 1062 1556 1106 tuum
1585 1046 1653 1107 de
1674 1046 1873 1106 altissi-

144 1162 172 1190 ›>
202 1137 339 1195 mis1
371 1161 385 1196 ι
413 1165 440 1192 »
470 1161 596 1221 quae
621 1140 678 1197 in
708 1138 864 1197 coelis
895 1151 1021 1197 sunt
1050 1137 1296 1218 quidem,
1322 1159 1434 1196 non
1463 1135 1868 1213 investigamus,

141 1246 253 1306 quo
272 1249 449 1286 rerum
465 1250 656 1304 genere
679 1242 732 1286 et
753 1249 986 1309 corpora
1003 1227 1242 1303 angelica
1260 1226 1562 1285 secundum
1585 1226 1874 1309 propriam
1894 1245 1898 1248 ⁴

134 1316 464 1392 dignitatem
483 1365 498 1388 ‚
531 1331 585 1376 et
605 1339 792 1377 eorum
823 1318 1079 1400 quasdam
1118 1316 1417 1398 corporalis
1442 1315 1586 1374 actio
1621 1314 1875 1373 contine-

143 1417 270 1474 tur3
303 1406 604 1465 secundum
634 1408 886 1488 spiritum
923 1421 1106 1465 tamen
1128 1406 1232 1463 Dei
1256 1405 1477 1463 missum
1507 1403 1668 1462 nobis
1694 1403 1763 1462 de
1790 1401 1875 1461 al-

143 1492 374 1558 tissimis⁴
402 1509 456 1554 et
500 1498 840 1577 impartitam
886 1501 931 1572 ej
943 1517 1001 1554 us
1045 1495 1274 1572 gratiam
1316 1493 1591 1552 mentibus
1629 1492 1828 1553 nostris
1852 1536 1869 1565 ,

145 1581 319 1640 audeo
337 1583 666 1642 fiducialiter
694 1585 875 1643 dicere
889 1631 903 1656 ,
923 1606 1025 1643 nec
1047 1589 1224 1642 Deum
1243 1585 1461 1642 Patrem
1477 1631 1492 1654 ,
1511 1603 1611 1640 nec
1631 1581 1876 1640 Verbum

143 1674 278 1746 ejm,
306 1693 406 1730 nec
429 1673 699 1754 Spiritum
723 1678 839 1749 ejus
855 1719 870 1745 ‚
895 1672 1047 1755 quod
1067 1674 1210 1738 Deus
1236 1692 1375 1730 unus
1389 1683 1496 1742 est,
1523 1691 1622 1750 per
1644 1668 1698 1727 id
1722 1667 1876 1750 quod

143 1771 250 1831 est,
292 1773 454 1842 atque
483 1761 724 1842 idipsum
754 1774 832 1820 est
860 1808 875 1833 ‚
918 1761 1032 1819 ullo
1064 1761 1228 1820 modo
1268 1781 1378 1818 esse
1407 1758 1728 1818 mutabilem
1758 1763 1787 1826 ‚'
1811 1778 1875 1816 ac

136 1869 243 1929 per
266 1850 376 1908 hoc
398 1850 571 1909 multo
593 1852 770 1910 minus
796 1872 904 1910 esse
935 1851 1229 1910 visibilem.
1262 1849 1540 1922 Quoniam
1564 1860 1692 1906 sunt
1715 1866 1876 1927 quae-

144 1938 271 1996 dam
298 1940 548 2020 quamvis
572 1940 860 1999 mutabilia
879 1987 894 2012 ,
921 1963 1031 1999 non
1063 1954 1247 1999 tamen
1276 1937 1543 2006 visibilia,
1573 1937 1714 1995 sicut
1744 1956 1876 1994 nos-

141 2042 243 2089 trae
273 2030 653 2107 cogitationes,
696 2044 750 2089 et
794 2031 1098 2104 memoriae,
1140 2044 1193 2089 et
1219 2029 1561 2098 voluntateS‚
1604 2039 1658 2084 et
1699 2026 1877 2085 omnis

126 2121 466 2200 ‘incorporea
489 2133 736 2179 creatura
770 2143 783 2178 :
819 2121 1034 2180 visibile
1066 2133 1247 2178 autem
1280 2117 1587 2200 quidquam
1614 2136 1724 2173 non
1755 2128 1835 2173 est
1855 2161 1870 2186 ‚

142 2208 294 2290 quod
322 2230 434 2267 non
473 2209 541 2267 sit
583 2209 868 2268 mutabile.
924 2211 1280 2290 Quapropter
1320 2204 1623 2265 Substantia
1648 2250 1663 2273 ,
1703 2203 1791 2263 vel
1831 2203 1876 2262 si

143 2296 333 2355 melius
361 2297 586 2368 dicitur,
618 2297 843 2355 essentia
878 2297 1011 2366 Dei,
1059 2298 1157 2355 ubi
1192 2317 1295 2378 pro
1334 2294 1562 2354 modulo
1598 2305 1787 2351 nostro
1812 2312 1874 2351 ex

145 2385 652 2466 quantulacumque
685 2385 957 2465 particula
986 2386 1336 2462 intelligimus
1358 2386 1578 2442 Patrem
1601 2395 1655 2440 et
1673 2381 1874 2440 Filium

145 2489 197 2533 et
223 2475 493 2555 Spiritum
514 2488 796 2545 sanctum,
830 2475 1275 2556 quandoquidem
1307 2474 1459 2534 nullo
1487 2472 1654 2531 modo
1685 2483 1873 2529 muta-

144 2564 271 2622 bilis
304 2577 411 2634 est,
447 2564 600 2622 nullo
632 2563 797 2622 modo
821 2578 999 2646 potest
1023 2565 1139 2646 ipsa
1166 2587 1264 2646 per
1292 2563 1636 2644 semetipsam
1665 2581 1775 2618 esse
1797 2559 1877 2619 vi-

145 2652 334 2712 sibilis.

226 2743 411 2802 XXII.
462 2741 703 2802 Proinde
738 2743 832 2802 illa
866 2742 1051 2801 omnia
1088 2764 1215 2823 quae
1256 2742 1512 2800 Patribus
1552 2742 1665 2802 visa
1703 2755 1828 2801 sunt
1854 2789 1870 2815 ,

146 2853 276 2890 cum
303 2833 450 2889 Deus
475 2830 583 2889 illis
613 2831 914 2890 secundum
952 2853 1103 2890 suam
1131 2831 1584 2911 dispensationem
1608 2831 1881 2912 tempori-

145 2921 251 2978 bus
273 2940 567 2997 congruam
599 2935 1056 3000 praesentaretur,
1096 2942 1196 3000 per
1234 2933 1540 2978 creaturam
1579 2919 1724 2978 facta
1767 2941 1876 2979 esse

147 3009 490 3068 manifestum
522 3021 614 3067 est.
658 3011 785 3067 Etsi
816 3032 912 3068 nos
941 3010 1069 3068 latet
1094 3008 1374 3090 quomodo
1399 3031 1459 3068 ea
1479 3008 1740 3067 ministris
1762 3010 1875 3066 An-

149 3098 276 3174 gelis
302 3096 492 3155 fecerit
509 3143 523 3165 ‚
561 3118 660 3178 per
686 3098 915 3174 Angelos
936 3113 1115 3157 tamen
1137 3119 1248 3157 esse
1269 3097 1436 3170 facta,
1470 3118 1582 3156 non
1606 3118 1666 3155 ex
1689 3109 1874 3155 nostro

149 3208 306 3247 sensu
334 3187 598 3259 dicimu8‚
642 3208 710 3247 ne
746 3188 1006 3269 cuiquam
1047 3187 1331 3249 videamur
1361 3187 1486 3270 plus
1519 3208 1708 3269 sapere
1732 3231 1747 3258 ‚
1781 3184 1875 3246 sed

209 3295 223 3325 ¹
247 3298 339 3351 Sap.
362 3303 587 3353 ¹¹‚‚1-'r17·
