2144 3808
275 308 395 377 424
782 325 826 363 s,
881 321 1186 361 Aueusrml
1231 321 1504 361 Erlscori.

269 420 410 467 tura.
447 409 608 466 Tunc
636 428 750 466 non
777 417 1019 464 utentem
1051 405 1309 480 adjuvat,
1346 402 1440 461 sed
1469 404 1777 484 corrumpit
1811 404 2006 465 fruen-

268 511 400 556 tem.
436 498 580 555 Cum
612 518 738 572 ergo
772 508 865 553 aut
892 515 995 574 par
1023 493 1213 563 nobiS,
1245 505 1338 549 aut
1370 490 1596 550 inferior
1622 507 1870 553 creatura
1900 496 1999 566 sit,

265 585 491 647 inferior
515 584 781 643 utendum
802 595 881 639 est
904 581 974 639 ad
998 582 1197 652 Deum,
1223 581 1346 660 pari
1367 593 1547 639 autem
1571 582 1888 654 fruendum,
1911 584 2004 641 sed

266 673 328 731 in
355 675 485 731 Deo,
522 672 679 729 Sicut
694 670 840 729 enim
864 683 915 728 te
942 669 1085 748 ips0,
1115 691 1226 727 non
1257 668 1318 726 in
1338 681 1390 725 te
1414 668 1534 748 ipso
1562 670 1674 728 frui
1698 671 1885 742 debeS,
1912 672 2004 730 sed

265 761 412 845 inleo
441 760 541 841 qui
565 759 697 818 fecit
722 773 811 827 te;
844 759 921 817 sic
943 758 1106 816 etiam
1133 757 1228 816 illo
1259 778 1423 838 quem
1448 757 1630 834 diligis
1660 772 1922 840 tanquam
1955 775 2004 819 te

267 850 468 928 ipsum.
501 849 570 905 Et
597 847 759 906 nobis
785 868 913 923 ergo
938 859 993 903 et
1017 845 1282 904 fratribus
1309 845 1368 903 in
1393 846 1630 904 Domino
1653 845 1926 920 fruamur,
1953 862 2005 907 et

266 936 396 994 inde
424 957 523 993 nos
552 957 653 994 nec
681 934 751 993 ad
780 934 1138 1015 nosmetipsos
1165 934 1436 992 remittere
1454 980 1469 1004 ,
1501 947 1554 991 et
1582 936 1740 1015 quasi
1769 936 2004 995 relaxare

267 1023 521 1082 deorsum
542 1045 726 1084 versus
750 1023 1061 1081 audeamus,
1094 1022 1354 1080 Nascitur
1375 1034 1557 1078 autem
1591 1023 1844 1095 verbum,
1874 1046 2003 1083 cum

266 1112 636 1190 excogitatum
668 1110 866 1190 placet,
894 1121 989 1167 aut
1018 1108 1088 1166 ad
1115 1108 1482 1188 peccandum,
1521 1121 1618 1166 aut
1641 1109 1712 1167 ad
1740 1124 1885 1170 recte
1914 1111 2003 1170 fa-

246 1198 544 1258 ciendum.
574 1198 818 1256 Verbum
840 1218 966 1273 ergo
994 1210 1239 1255 nostrum
1264 1209 1318 1253 et
1338 1210 1575 1255 mentem
1592 1196 1661 1256 de
1683 1219 1793 1278 qua
1821 1198 2002 1275 gigni-

262 1299 375 1358 tur,
401 1287 558 1366 quasi
588 1286 797 1345 medius
819 1308 969 1344 amor
987 1286 1293 1362 conjungit,
1323 1307 1506 1366 seque,
1530 1307 1659 1345 cum
1685 1287 1758 1345 eis
1780 1288 2002 1347 tertium

264 1375 553 1454 complexu
572 1375 896 1454 incorporeo
921 1375 1035 1432 sine
1061 1374 1174 1432 ulla
1194 1374 1512 1432 confusione
1543 1375 1886 1451 constringit.

347 1464 497 1522 xlv.
552 1463 900 1543 Conceptum
918 1476 1100 1520 autem
1114 1463 1344 1521 verbum
1361 1475 1414 1520 et
1428 1475 1622 1520 natum
1640 1462 1882 1543 idipsum
1898 1477 1998 1535 est,

264 1572 391 1609 cum
408 1551 661 1610 voluntas
676 1551 733 1610 in
748 1553 869 1631 ipsa
889 1551 1084 1609 notitia
1105 1551 1467 1630 conquiescit,
1484 1551 1639 1631 quod
1659 1553 1723 1608 fit
1740 1553 1797 1609 in
1820 1574 2002 1611 amore

264 1639 616 1719 spiritalium.
645 1641 757 1711 Qui
786 1641 955 1712 enim,
988 1640 1145 1699 verbi
1170 1640 1365 1715 gratia,
1394 1639 1631 1720 perfecte
1660 1642 1834 1712 novit,
1870 1663 2002 1721 per-

264 1728 514 1808 fecteque
563 1742 709 1786 amat
738 1729 1037 1805 justitiam,
1074 1733 1191 1804 jam
1219 1730 1394 1806 justus
1434 1741 1544 1799 est,
1576 1729 1737 1787 etiam
1774 1729 1818 1786 si
1848 1729 1999 1787 nulla

268 1817 456 1874 existat
493 1817 796 1876 secundum
837 1840 955 1876 eam
994 1816 1294 1875 forinsecus
1336 1838 1436 1897 per
1465 1817 1712 1874 membra
1753 1818 2000 1897 corporis

271 1904 533 1983 operandi
559 1906 857 1964 necessitas,
888 1910 952 1962 In
980 1926 1160 1963 amore
1190 1918 1369 1963 autem
1395 1905 1691 1963 carnalium
1719 1919 2000 1985 tempora-

263 1992 513 2072 liumque
529 2014 735 2065 rerum,
752 1994 893 2051 sicut
915 1993 974 2050 in
998 1993 1129 2072 ipsis
1152 1993 1470 2052 animalium
1493 1992 1745 2065 foetibus,
1765 1994 1900 2052 alius
1921 2008 1998 2052 est

266 2093 567 2160 conceptus
589 2082 766 2151 verbi,
801 2081 940 2139 alius
970 2095 1180 2161 partus
1221 2081 1342 2139 Illic
1365 2082 1511 2139 enim
1541 2081 1693 2161 quod
1722 2083 1997 2162 cupiendo

265 2167 611 2247 concipitur,
653 2167 1011 2248 adipiscendo
1053 2169 1313 2228 nascitur.
1349 2170 1625 2240 Quoniam
1660 2191 1771 2228 non
1798 2171 1999 2229 sufficit

262 2256 509 2314 avaritiae
540 2277 694 2314 nosse
735 2270 789 2314 et
830 2278 1011 2315 amare
1053 2279 1276 2329 aurum,
1311 2257 1414 2314 nisi
1459 2271 1511 2315 et
1553 2258 1786 2329 habeat,
1821 2281 1997 2340 neque

262 2364 418 2403 nosse
439 2357 492 2402 et
514 2366 694 2402 amare
719 2345 884 2416 vesci,
912 2359 1008 2404 aut
1033 2347 1421 2414 concumbere,
1448 2346 1551 2403 nisi
1571 2345 1734 2404 etiam
1759 2345 1817 2405 id
1837 2361 1992 2423 agat3

262 2452 438 2510 neque
473 2454 629 2490 nosse
676 2445 729 2490 et
781 2455 963 2491 amare
991 2435 1226 2492 honores
1263 2447 1316 2490 et
1348 2434 1607 2514 imperia,
1650 2434 1752 2492 nisi
1792 2456 1994 2514 prove-

260 2519 433 2578 niant.
472 2520 614 2591 Quae
659 2533 843 2579 tamen
871 2523 1083 2592 omnia,
1118 2544 1217 2580 nec
1247 2522 1446 2602 adepta
1489 2522 1786 2582 sufficiunt.
1824 2550 1849 2576 ε(
1882 2524 1994 2595 Qui

259 2634 286 2659 »
318 2608 463 2665 enim
490 2608 699 2666 biberit
717 2631 779 2667 ex
800 2611 930 2682 hac,
947 2611 1150 2690 inquit,
1174 2632 1337 2690 aqua,
1354 2611 1496 2669 sitiet
1516 2610 1766 2670 iterum1.
1792 2638 1817 2665 »
1833 2612 1992 2671 Ideo-

260 2717 367 2775 que
394 2710 447 2754 et
474 2696 531 2755 in
558 2697 777 2756 Psalmo
799 2745 813 2770 ,
842 2726 868 2752 «
897 2699 1189 2779 Concepit,
1217 2699 1418 2780 inquit,
1449 2699 1717 2770 dolorem,
1744 2713 1797 2758 et
1818 2722 1992 2781 pepe-

259 2810 287 2836 »
313 2785 387 2842 rit
405 2785 807 2864 iniquitatem2.
846 2813 873 2839 »
904 2787 1162 2845 Dolorem
1192 2788 1279 2847 vel
1299 2788 1543 2846 laborem
1569 2788 1706 2846 dicit
1736 2789 1984 2869 concipi,

256 2892 385 2928 cum
412 2893 473 2930 ea
497 2874 893 2953 concipiuntur
924 2895 1053 2955 quae
1092 2896 1245 2933 nosse
1277 2897 1339 2934 ac
1363 2875 1499 2934 velle
1529 2897 1641 2933 non
1670 2875 1868 2934 sufficit
1888 2923 1902 2948 ,
1934 2891 1988 2935 et

255 2958 552 3017 inardescit
581 2973 744 3041 atque
775 2975 1004 3037 aegrotat
1032 2962 1246 3021 animus
1268 2962 1568 3038 indigentia
1587 3008 1601 3034 ,
1629 2961 1803 3021 donec
1828 2963 1897 3021 ad
1924 2985 1988 3022 ea

257 3046 539 3124 perveniat
560 3060 613 3105 et
649 3050 806 3127 quasi
838 3051 1020 3129 pariat
1060 3071 1139 3109 ea.
1190 3050 1346 3109 Unde
1386 3050 1656 3127 eleganter
1690 3051 1747 3109 in
1787 3052 1984 3110 Latina

253 3133 441 3211 lingua
469 3149 630 3215 parta
667 3136 929 3198 dicuntur
957 3152 1011 3196 et
1058 3153 1274 3219 reperta
1306 3154 1468 3222 atque
1506 3154 1819 3221 comperta,
1855 3162 1982 3222 quae

317 3239 331 3270 ¹
358 3240 477 3283 Joan.
505 3251 564 3296 tv,
584 3241 651 3282 13.
670 3262 725 3274 —
748 3239 768 3269 ²
791 3240 892 3283 Psal.
917 3255 991 3291 vn,
1022 3241 1089 3285 15.
