2144 3808
237 354 352 410 512
765 370 809 408 s.
863 363 1170 410 Aoeusrlm
1214 367 1472 410 Eriscom

237 448 635 509 beatitudinem
664 448 741 507 sic
776 470 1044 522 amamuS,
1076 450 1403 531 persuadere
1451 450 1614 509 nobis
1637 447 1862 520 audent,
1909 458 1972 507 ut

238 539 416 636 ipsam
434 537 830 596 beatitudinem
858 559 970 595 non
998 560 1257 598 amemus,
1292 538 1459 610 Quod
1482 539 1525 597 si
1548 537 1780 607 faciunt,
1811 539 1974 596 etiam
2020 535 2022 538 ’

238 626 384 707 ipsas
403 626 595 706 utique
613 647 792 684 amare
809 625 1113 684 desistimus
1120 627 1375 707 ,quando
1390 626 1550 685 illam
1563 640 1791 707 propter
1808 646 1975 706 quam

243 715 412 772 solam
450 714 578 772 istas
622 713 959 785 amavimus,
998 735 1111 771 non
1152 737 1414 774 amamus,
1457 714 1665 773 Deinde
1699 714 1978 795 quomodo

244 803 347 861 erit
372 823 500 862 vera
520 802 743 861 tamilla
766 816 1072 883 perspecta,
1099 817 1210 861 tam
1235 804 1559 875 examinata,
1582 817 1693 860 tam
1716 802 1976 882 eliquata,

245 906 360 950 tam
385 904 531 951 certa
563 892 852 962 sententia,
885 892 1072 950 beatos
1106 915 1214 951 esse
1246 915 1432 951 omnes
1461 893 1709 950 homines
1732 891 1867 950 velle
1887 937 1902 959 ‚
1941 890 1999 947 si·

248 981 352 1062 ipsi
383 980 608 1061 quijam
627 980 775 1038 beati
792 993 940 1051 sunt,
966 981 1112 1038 beati
1135 1003 1243 1039 esse
1267 1003 1368 1039 nec
1395 981 1615 1047 nolunt,
1637 1003 1736 1038 nec
1756 979 1983 1038 volunt?

258 1071 370 1128 Aut
391 1068 436 1126 si
455 1067 670 1138 volunt,
705 1079 767 1124 ut
785 1066 980 1124 veritas
997 1066 1218 1139 clamat,
1253 1081 1316 1126 ut
1335 1081 1532 1126 natura
1559 1067 1863 1148 compellit,
1895 1065 1987 1124 cui

253 1175 463 1215 summe
494 1155 674 1212 bonus
710 1166 765 1211 et
803 1153 1222 1213 immutabiliter
1267 1156 1462 1214 beatus
1512 1156 1741 1214 Creator
1786 1154 1991 1235 indidit

254 1244 403 1302 hoc:
434 1243 479 1301 si
502 1241 718 1314 volunt,
747 1242 995 1322 inquam,
1044 1243 1191 1302 beati
1218 1266 1329 1303 esse
1357 1245 1455 1325 qui
1479 1244 1627 1302 beati
1656 1257 1808 1315 sunt,
1843 1242 1991 1301 beati

257 1351 367 1390 non
394 1353 503 1390 esse
548 1331 740 1411 utique
766 1329 978 1390 nolunt.
1018 1332 1072 1390 Si
1107 1347 1287 1391 autem
1316 1333 1467 1391 beati
1495 1354 1605 1391 non
1633 1354 1742 1390 esse
1769 1330 1987 1402 nolunt,

259 1418 461 1501 procul
491 1418 665 1477 dubio
695 1419 891 1477 nolunt
919 1421 1169 1478 consumi
1200 1434 1253 1478 et
1276 1422 1454 1501 perire
1488 1420 1639 1502 quod
1671 1420 1820 1478 beati
1842 1431 1987 1478 sunt.

267 1511 380 1567 Nec
408 1508 509 1567 nisi
537 1509 776 1567 viventes
806 1510 952 1566 beati
973 1531 1080 1566 esse
1103 1524 1373 1590 possunt.
1408 1511 1606 1570 nolunt
1627 1510 1796 1609 igitur
1820 1509 1997 1590 perire

264 1597 417 1677 quod
460 1596 671 1656 vivunt.
726 1597 1066 1655 Immortales
1112 1619 1237 1674 ergo
1265 1621 1374 1657 esse
1415 1599 1632 1669 volunt,
1667 1598 2000 1679 quicumque

267 1706 392 1744 vere
409 1684 557 1742 beati
573 1684 659 1743 vel
675 1698 801 1742 sunt
818 1685 904 1743 vel
919 1707 1028 1743 esse
1045 1686 1298 1766 cupiunt.
1326 1689 1449 1745 Non
1466 1699 1646 1744 autem
1663 1686 1800 1745 vivit
1817 1685 1997 1752 beatee

267 1776 360 1831 cui
380 1795 492 1831 non
513 1773 661 1831 adest
687 1773 838 1854 quod
863 1774 983 1833 vult
1009 1796 1022 1831 :
1056 1775 1210 1833 nullo
1251 1768 1418 1834 modo
1459 1776 1626 1852 igitur
1660 1796 1768 1833 esse
1799 1774 2005 1855 poterit

270 1863 404 1933 vita,
424 1862 692 1920 veraciter
717 1863 901 1933 beata,
931 1863 1035 1920 nisi
1063 1862 1227 1922 fuerit
1251 1865 1596 1945 sempiterna.

351 1953 482 2010 ΧΠ.
516 1953 675 2010 Hanc
698 1965 882 2009 utrum
912 1953 1096 2032 capiat
1115 1953 1358 2011 humana
1384 1968 1603 2024 natura,
1634 1976 1800 2034 quam
1823 1967 2005 2012 tamen

275 2039 689 2098 desiderabilem
731 2041 1044 2111 confitetur,
1077 2062 1190 2098 non
1234 2064 1406 2122 parva
1433 2043 1664 2124 quaestio
1700 2055 1805 2114 est„
1830 2041 1937 2100 Sed
1962 2041 2006 2099 si

276 2127 410 2186 fides
437 2127 600 2198 adsit,
634 2149 761 2207 quae
780 2128 918 2185 inest
938 2128 1011 2185 eis
1042 2129 1247 2208 quibus
1288 2130 1443 2188 dedit
1483 2143 1807 2211 potestatem
1852 2131 2006 2188 Jesus

277 2217 417 2275 filios
452 2217 554 2274 Dei
582 2216 723 2287 fieri,
751 2215 902 2274 nulla
910 2217 1158 2317 ..(Ῑυωπίο
1179 2230 1272 2277 est.
1306 2219 1578 2276 Humanis
1599 2220 1809 2320 quippe
1839 2239 2006 2294 argu-

279 2307 711 2366 mentationibus
735 2306 860 2365 haec
906 2307 1146 2366 invenire
1169 2322 1466 2380 conanteS‚
1499 2309 1588 2368 vix
1615 2309 1781 2390 pauci
1808 2329 2007 2384 magno

279 2397 540 2478 praediti
526 2396 774 2472 1ngenio‚
803 2387 1172 2455 abundantes
1178 2399 1320 2470 otio,
1354 2397 1726 2480 doctrinisque
1757 2396 2007 2455 subtilis-

281 2487 427 2545 simis
448 2484 673 2556 eruditi,
710 2484 777 2542 ad
803 2484 1173 2561 indagandam
1201 2486 1365 2544 solius
1391 2489 1590 2544 animae
1618 2483 2010 2544 immortalita-

287 2589 389 2634 tem
411 2573 689 2673 pervenire
701 2586 1020 2653 potuerunt.
1049 2574 1154 2632 Cui
1175 2587 1357 2633 tamen
1381 2575 1581 2633 animae
1601 2575 1821 2652 beatam
1841 2573 2011 2632 vitam

282 2685 393 2722 non
421 2663 747 2721 invenerunt
769 2661 1043 2735 stabilem,
1076 2661 1134 2720 id
1157 2676 1256 2734 est,
1281 2684 1499 2721 veram.
1535 2661 1603 2719 ad
1628 2661 1865 2719 miserias
1893 2682 2013 2718 eam

284 2753 492 2833 quippe
514 2751 643 2809 vitae
667 2751 838 2826 hujus
865 2751 1031 2808 etiam
1057 2764 1182 2830 post
1208 2751 1604 2809 beatitudinem
1649 2749 1823 2808 redire
1862 2748 2011 2807 dixe-

284 2854 430 2901 runt.
454 2843 524 2898 Et
543 2841 638 2922 qui
655 2861 782 2898 eoru
793 2862 843 2897 111
862 2839 1052 2897 dehac
1068 2840 1409 2898 erubuerunt
1429 2839 1688 2897 sententia
1706 2851 1760 2896 et
1777 2838 2015 2895 animam

281 2945 566 3011 purgatam
601 2931 660 2988 in
688 2929 1014 3010 sempiterna
1042 2929 1383 2987 beatitudine
1417 2929 1531 2987 sine
1571 2949 1802 3008 corpore
1842 2926 2013 2985 collo-

282 3018 513 3075 candam
548 3030 904 3097 putaverunt,
942 3017 1067 3074 talia
1087 3016 1155 3074 de
1183 3017 1378 3075 mundi
1418 3029 1682 3074 retrorsus
1712 3014 2015 3074 aeternitate

279 3107 542 3174 sentiunt,
570 3118 630 3162 ut
660 3105 804 3162 hanc
845 3105 912 3161 de
943 3105 1121 3163 anima
1145 3105 1466 3163 sententiam
1520 3125 1674 3162 suam
1700 3103 1806 3183 ipsi
1831 3101 2013 3160 redar-

276 3207 446 3273 guant
472 3216 485 3251 z
516 3192 667 3275 quod
696 3191 790 3249 hic
833 3191 1057 3268 longum
1105 3206 1181 3250 est
1225 3193 1595 3265 demonstrare
1626 3240 1638 3265 ,
1664 3191 1756 3250 sed
1780 3191 1835 3248 in
1861 3190 2006 3272 libro

275 3284 603 3345 duodecimo
641 3281 709 3343 de
738 3281 972 3341 Civitate
1002 3281 1138 3353 Dei,
1186 3282 1312 3341 satis
1341 3306 1370 3341 a
1400 3283 1559 3340 nobis
1597 3294 1706 3353 est,
1737 3293 2008 3360 quantum
