<?xml version="1.0" encoding="UTF-8"?>
<!DOCTYPE html PUBLIC "-//W3C//DTD XHTML 1.0 Transitional//EN"
    "http://www.w3.org/TR/xhtml1/DTD/xhtml1-transitional.dtd">
<html xmlns="http://www.w3.org/1999/xhtml" xml:lang="en" lang="en">
 <head>
  <title>
</title>
<meta http-equiv="Content-Type" content="text/html;charset=utf-8" />
  <meta name='ocr-system' content='tesseract 3.04.00' />
  <meta name='ocr-capabilities' content='ocr_page ocr_carea ocr_par ocr_line ocrx_word'/>
</head>
<body>
  <div class='ocr_page' id='page_1' title='image "./operaomniaaccura30auguuoft_0503.png"; bbox 0 0 2144 3808; ppageno 0'>
   <div class='ocr_carea' id='block_1_1' title="bbox 592 331 1840 409">
    <p class='ocr_par' dir='ltr' id='par_1_1' title="bbox 592 331 1840 409">
     <span class='ocr_line' id='line_1_1' title="bbox 592 331 1840 409; baseline 0.005 -27"><span class='ocrx_word' id='word_1_1' title='bbox 592 343 660 382; x_wconf 81' lang='lat' dir='ltr'><strong>DE</strong></span> <span class='ocrx_word' id='word_1_2' title='bbox 704 342 1024 395; x_wconf 63' lang='lat' dir='ltr'><strong>’smmi-Ara,</strong></span> <span class='ocrx_word' id='word_1_3' title='bbox 1071 343 1181 384; x_wconf 75' lang='lat' dir='ltr'><strong>Lm.</strong></span> <span class='ocrx_word' id='word_1_4' title='bbox 1234 344 1336 385; x_wconf 87' lang='lat' dir='ltr'>x11.</span> <span class='ocrx_word' id='word_1_5' title='bbox 1712 331 1840 409; x_wconf 77' lang='grc'><strong>’493</strong></span> 
     </span>
    </p>
   </div>
   <div class='ocr_carea' id='block_1_2' title="bbox 96 424 1979 3304">
    <p class='ocr_par' dir='ltr' id='par_1_2' title="bbox 96 424 1876 1458">
     <span class='ocr_line' id='line_1_2' title="bbox 132 424 1863 500; baseline 0.003 -17"><span class='ocrx_word' id='word_1_6' title='bbox 132 424 315 483; x_wconf 89' lang='lat' dir='ltr'><strong>tabilis</strong></span> <span class='ocrx_word' id='word_1_7' title='bbox 337 424 500 495; x_wconf 83' lang='lat' dir='ltr'><strong>ratio,</strong></span> <span class='ocrx_word' id='word_1_8' title='bbox 529 424 605 482; x_wconf 92' lang='lat' dir='ltr'><strong>sic</strong></span> <span class='ocrx_word' id='word_1_9' title='bbox 635 425 692 482; x_wconf 93' lang='lat' dir='ltr'><strong>in</strong></span> <span class='ocrx_word' id='word_1_10' title='bbox 730 445 792 482; x_wconf 88' lang='lat' dir='ltr'><strong>ea</strong></span> <span class='ocrx_word' id='word_1_11' title='bbox 814 437 996 482; x_wconf 87' lang='lat' dir='ltr'><strong>manet</strong></span> <span class='ocrx_word' id='word_1_12' title='bbox 1026 424 1266 482; x_wconf 89' lang='lat' dir='ltr'><strong>hominis</strong></span> <span class='ocrx_word' id='word_1_13' title='bbox 1294 424 1575 500; x_wconf 85' lang='lat' dir='ltr'><strong>cogitatio,</strong></span> <span class='ocrx_word' id='word_1_14' title='bbox 1614 427 1657 486; x_wconf 90' lang='lat' dir='ltr'><strong>si</strong></span> <span class='ocrx_word' id='word_1_15' title='bbox 1681 442 1863 489; x_wconf 89' lang='lat' dir='ltr'><strong>tamen</strong></span> 
     </span>
     <span class='ocr_line' id='line_1_3' title="bbox 135 511 1866 593; baseline 0.003 -22"><span class='ocrx_word' id='word_1_16' title='bbox 135 512 205 571; x_wconf 88' lang='lat' dir='ltr'><strong>ad</strong></span> <span class='ocrx_word' id='word_1_17' title='bbox 234 534 354 571; x_wconf 88' lang='lat' dir='ltr'><strong>eam</strong></span> <span class='ocrx_word' id='word_1_18' title='bbox 384 513 495 570; x_wconf 92' lang='lat' dir='ltr'><strong>sine</strong></span> <span class='ocrx_word' id='word_1_19' title='bbox 511 512 804 592; x_wconf 83' lang='lat' dir='ltr'>phantasia</span> <span class='ocrx_word' id='word_1_20' title='bbox 835 511 997 592; x_wconf 90' lang='lat' dir='ltr'><strong>spatii</strong></span> <span class='ocrx_word' id='word_1_21' title='bbox 1024 511 1211 570; x_wconf 91' lang='lat' dir='ltr'><strong>localis</strong></span> <span class='ocrx_word' id='word_1_22' title='bbox 1224 512 1407 592; x_wconf 87' lang='lat' dir='ltr'><strong>potuit</strong></span> <span class='ocrx_word' id='word_1_23' title='bbox 1430 516 1728 593; x_wconf 88' lang='lat' dir='ltr'><strong>pervenire.</strong></span> <span class='ocrx_word' id='word_1_24' title='bbox 1756 520 1866 584; x_wconf 84' lang='lat' dir='ltr'><strong>Aut</strong></span> 
     </span>
     <span class='ocr_line' id='line_1_4' title="bbox 133 598 1867 684; baseline 0.003 -26"><span class='ocrx_word' id='word_1_25' title='bbox 133 600 177 658; x_wconf 90' lang='lat' dir='ltr'><strong>si</strong></span> <span class='ocrx_word' id='word_1_26' title='bbox 215 600 444 675; x_wconf 88' lang='lat' dir='ltr'><strong>alicujus</strong></span> <span class='ocrx_word' id='word_1_27' title='bbox 473 599 749 658; x_wconf 85' lang='lat' dir='ltr'><strong>artificiosi</strong></span> <span class='ocrx_word' id='word_1_28' title='bbox 790 613 844 658; x_wconf 90' lang='lat' dir='ltr'><strong>et</strong></span> <span class='ocrx_word' id='word_1_29' title='bbox 887 598 1081 657; x_wconf 86' lang='lat' dir='ltr'><strong>musici</strong></span> <span class='ocrx_word' id='word_1_30' title='bbox 1120 600 1237 657; x_wconf 89' lang='lat' dir='ltr'><strong>soni</strong></span> <span class='ocrx_word' id='word_1_31' title='bbox 1259 621 1358 680; x_wconf 90' lang='lat' dir='ltr'><strong>per</strong></span> <span class='ocrx_word' id='word_1_32' title='bbox 1402 622 1579 661; x_wconf 89' lang='lat' dir='ltr'><strong>moras</strong></span> <span class='ocrx_word' id='word_1_33' title='bbox 1610 606 1867 684; x_wconf 89' lang='lat' dir='ltr'><strong>temporis</strong></span> 
     </span>
     <span class='ocr_line' id='line_1_5' title="bbox 136 688 1868 772; baseline 0.002 -26"><span class='ocrx_word' id='word_1_34' title='bbox 136 689 459 747; x_wconf 90' lang='lat' dir='ltr'><strong>transeuntis</strong></span> <span class='ocrx_word' id='word_1_35' title='bbox 507 689 865 746; x_wconf 85' lang='lat' dir='ltr'>numerositas</span> <span class='ocrx_word' id='word_1_36' title='bbox 905 688 1429 767; x_wconf 84' lang='lat' dir='ltr'><strong>comprehendatur,</strong></span> <span class='ocrx_word' id='word_1_37' title='bbox 1465 691 1577 749; x_wconf 89' lang='lat' dir='ltr'><strong>sine</strong></span> <span class='ocrx_word' id='word_1_38' title='bbox 1622 705 1868 772; x_wconf 85' lang='lat' dir='ltr'><strong>tempore</strong></span> 
     </span>
     <span class='ocr_line' id='line_1_6' title="bbox 96 776 1869 857; baseline 0.003 -23"><span class='ocrx_word' id='word_1_39' title='bbox 96 800 98 803; x_wconf 70' lang='grc'>’</span> <span class='ocrx_word' id='word_1_40' title='bbox 137 789 282 835; x_wconf 89' lang='lat' dir='ltr'><strong>stans</strong></span> <span class='ocrx_word' id='word_1_41' title='bbox 319 777 378 835; x_wconf 91' lang='lat' dir='ltr'><strong>in</strong></span> <span class='ocrx_word' id='word_1_42' title='bbox 411 776 651 857; x_wconf 91' lang='lat' dir='ltr'><strong>quodam</strong></span> <span class='ocrx_word' id='word_1_43' title='bbox 685 790 887 835; x_wconf 88' lang='lat' dir='ltr'><strong>secreto</strong></span> <span class='ocrx_word' id='word_1_44' title='bbox 917 776 1135 856; x_wconf 85' lang='lat' dir='ltr'><strong>altoque</strong></span> <span class='ocrx_word' id='word_1_45' title='bbox 1182 776 1416 848; x_wconf 90' lang='lat' dir='ltr'><strong>silentio,</strong></span> <span class='ocrx_word' id='word_1_46' title='bbox 1449 779 1641 838; x_wconf 85' lang='lat' dir='ltr'>tandiu</span> <span class='ocrx_word' id='word_1_47' title='bbox 1681 781 1869 839; x_wconf 88' lang='lat' dir='ltr'><strong>saltem</strong></span> 
     </span>
     <span class='ocr_line' id='line_1_7' title="bbox 140 862 1871 944; baseline 0.002 -21"><span class='ocrx_word' id='word_1_48' title='bbox 140 865 364 940; x_wconf 86' lang='lat' dir='ltr'><strong>cogitari</strong></span> <span class='ocrx_word' id='word_1_49' title='bbox 396 877 576 944; x_wconf 89' lang='lat' dir='ltr'><strong>potest</strong></span> <span class='ocrx_word' id='word_1_50' title='bbox 605 864 853 943; x_wconf 88' lang='lat' dir='ltr'><strong>quandiu</strong></span> <span class='ocrx_word' id='word_1_51' title='bbox 878 876 1056 943; x_wconf 87' lang='lat' dir='ltr'><strong>potest</strong></span> <span class='ocrx_word' id='word_1_52' title='bbox 1091 862 1182 920; x_wconf 85' lang='lat' dir='ltr'><strong>ille</strong></span> <span class='ocrx_word' id='word_1_53' title='bbox 1209 876 1401 920; x_wconf 88' lang='lat' dir='ltr'><strong>cantus</strong></span> <span class='ocrx_word' id='word_1_54' title='bbox 1440 865 1618 923; x_wconf 85' lang='lat' dir='ltr'><strong>audiri</strong></span> <span class='ocrx_word' id='word_1_55' title='bbox 1646 889 1660 924; x_wconf 72' lang='grc' dir='ltr'>ε</span> <span class='ocrx_word' id='word_1_56' title='bbox 1689 881 1871 926; x_wconf 88' lang='lat' dir='ltr'><strong>tamen</strong></span> 
     </span>
     <span class='ocr_line' id='line_1_8' title="bbox 139 951 1875 1034; baseline 0.001 -25"><span class='ocrx_word' id='word_1_57' title='bbox 139 951 290 1032; x_wconf 89' lang='lat' dir='ltr'><strong>quod</strong></span> <span class='ocrx_word' id='word_1_58' title='bbox 306 951 434 1009; x_wconf 86' lang='lat' dir='ltr'><strong>inde</strong></span> <span class='ocrx_word' id='word_1_59' title='bbox 462 951 821 1029; x_wconf 81' lang='lat' dir='ltr'><strong>rapueritetsi</strong></span> <span class='ocrx_word' id='word_1_60' title='bbox 850 951 1111 1009; x_wconf 85' lang='lat' dir='ltr'><strong>transiens</strong></span> <span class='ocrx_word' id='word_1_61' title='bbox 1135 951 1328 1008; x_wconf 89' lang='lat' dir='ltr'><strong>mentis</strong></span> <span class='ocrx_word' id='word_1_62' title='bbox 1349 965 1616 1030; x_wconf 88' lang='lat' dir='ltr'><strong>aspectus,</strong></span> <span class='ocrx_word' id='word_1_63' title='bbox 1649 968 1700 1011; x_wconf 87' lang='lat' dir='ltr'><strong>et</strong></span> <span class='ocrx_word' id='word_1_64' title='bbox 1721 956 1875 1034; x_wconf 86' lang='lat' dir='ltr'><strong>quasi</strong></span> 
     </span>
     <span class='ocr_line' id='line_1_9' title="bbox 140 1037 1875 1119; baseline 0.002 -25"><span class='ocrx_word' id='word_1_65' title='bbox 140 1038 371 1117; x_wconf 75' lang='lat' dir='ltr'><strong>glutiens</strong></span> <span class='ocrx_word' id='word_1_66' title='bbox 395 1038 452 1095; x_wconf 88' lang='lat' dir='ltr'><strong>iu</strong></span> <span class='ocrx_word' id='word_1_67' title='bbox 472 1050 711 1113; x_wconf 85' lang='lat' dir='ltr'><strong>ventrem</strong></span> <span class='ocrx_word' id='word_1_68' title='bbox 735 1037 810 1095; x_wconf 89' lang='lat' dir='ltr'><strong>ita</strong></span> <span class='ocrx_word' id='word_1_69' title='bbox 832 1038 888 1095; x_wconf 87' lang='lat' dir='ltr'><strong>in</strong></span> <span class='ocrx_word' id='word_1_70' title='bbox 916 1037 1177 1095; x_wconf 89' lang='lat' dir='ltr'><strong>memoria</strong></span> <span class='ocrx_word' id='word_1_71' title='bbox 1199 1039 1532 1117; x_wconf 84' lang='lat' dir='ltr'><strong>reposuerit,</strong></span> <span class='ocrx_word' id='word_1_72' title='bbox 1563 1040 1761 1119; x_wconf 84' lang='lat' dir='ltr'><strong>poterit</strong></span> <span class='ocrx_word' id='word_1_73' title='bbox 1785 1063 1875 1098; x_wconf 85' lang='lat' dir='ltr'><strong>re-</strong></span> 
     </span>
     <span class='ocr_line' id='line_1_10' title="bbox 144 1125 1875 1207; baseline 0.001 -24"><span class='ocrx_word' id='word_1_74' title='bbox 144 1125 425 1183; x_wconf 87' lang='lat' dir='ltr'><strong>cordando</strong></span> <span class='ocrx_word' id='word_1_75' title='bbox 445 1125 685 1204; x_wconf 89' lang='lat' dir='ltr'><strong>quodam</strong></span> <span class='ocrx_word' id='word_1_76' title='bbox 711 1125 877 1182; x_wconf 91' lang='lat' dir='ltr'><strong>modo</strong></span> <span class='ocrx_word' id='word_1_77' title='bbox 893 1125 1190 1194; x_wconf 87' lang='lat' dir='ltr'><strong>ruminare,</strong></span> <span class='ocrx_word' id='word_1_78' title='bbox 1217 1138 1270 1181; x_wconf 88' lang='lat' dir='ltr'><strong>et</strong></span> <span class='ocrx_word' id='word_1_79' title='bbox 1288 1125 1703 1205; x_wconf 89' lang='lat' dir='ltr'><strong>indisciplinam</strong></span> <span class='ocrx_word' id='word_1_80' title='bbox 1723 1128 1875 1207; x_wconf 87' lang='lat' dir='ltr'><strong>quod</strong></span> 
     </span>
     <span class='ocr_line' id='line_1_11' title="bbox 143 1208 1876 1289; baseline 0.001 -18"><span class='ocrx_word' id='word_1_81' title='bbox 143 1214 221 1271; x_wconf 90' lang='lat' dir='ltr'><strong>sic</strong></span> <span class='ocrx_word' id='word_1_82' title='bbox 243 1214 498 1272; x_wconf 87' lang='lat' dir='ltr'><strong>didicerit</strong></span> <span class='ocrx_word' id='word_1_83' title='bbox 514 1214 777 1289; x_wconf 85' lang='lat' dir='ltr'><strong>trajicere.</strong></span> <span class='ocrx_word' id='word_1_84' title='bbox 814 1213 981 1284; x_wconf 86' lang='lat' dir='ltr'><strong>Quod</strong></span> <span class='ocrx_word' id='word_1_85' title='bbox 1013 1215 1055 1270; x_wconf 92' lang='lat' dir='ltr'><strong>si</strong></span> <span class='ocrx_word' id='word_1_86' title='bbox 1081 1212 1245 1270; x_wconf 81' lang='lat' dir='ltr'><strong>fuerit</strong></span> <span class='ocrx_word' id='word_1_87' title='bbox 1264 1212 1578 1271; x_wconf 87' lang='lat' dir='ltr'><strong>omnimoda</strong></span> <span class='ocrx_word' id='word_1_88' title='bbox 1603 1208 1876 1272; x_wconf 88' lang='lat' dir='ltr'><strong>oblivione</strong></span> 
     </span>
     <span class='ocr_line' id='line_1_12' title="bbox 147 1299 1875 1382; baseline 0.001 -24"><span class='ocrx_word' id='word_1_89' title='bbox 147 1300 407 1372; x_wconf 90' lang='lat' dir='ltr'><strong>deletum,</strong></span> <span class='ocrx_word' id='word_1_90' title='bbox 450 1321 634 1358; x_wconf 87' lang='lat' dir='ltr'><strong>rursus</strong></span> <span class='ocrx_word' id='word_1_91' title='bbox 662 1300 913 1358; x_wconf 88' lang='lat' dir='ltr'><strong>doctrina</strong></span> <span class='ocrx_word' id='word_1_92' title='bbox 941 1300 1082 1358; x_wconf 92' lang='lat' dir='ltr'><strong>duce</strong></span> <span class='ocrx_word' id='word_1_93' title='bbox 1124 1299 1193 1356; x_wconf 91' lang='lat' dir='ltr'><strong>ad</strong></span> <span class='ocrx_word' id='word_1_94' title='bbox 1221 1299 1279 1357; x_wconf 92' lang='lat' dir='ltr'><strong>id</strong></span> <span class='ocrx_word' id='word_1_95' title='bbox 1311 1301 1554 1358; x_wconf 89' lang='lat' dir='ltr'><strong>venietur</strong></span> <span class='ocrx_word' id='word_1_96' title='bbox 1579 1302 1730 1382; x_wconf 87' lang='lat' dir='ltr'><strong>quod</strong></span> <span class='ocrx_word' id='word_1_97' title='bbox 1774 1324 1875 1382; x_wconf 89' lang='lat' dir='ltr'><strong>pe-</strong></span> 
     </span>
     <span class='ocr_line' id='line_1_13' title="bbox 149 1388 1332 1458; baseline 0.001 -13"><span class='ocrx_word' id='word_1_98' title='bbox 149 1389 295 1447; x_wconf 87' lang='lat' dir='ltr'><strong>nitus</strong></span> <span class='ocrx_word' id='word_1_99' title='bbox 324 1388 617 1458; x_wconf 84' lang='lat' dir='ltr'><strong>exciderat,</strong></span> <span class='ocrx_word' id='word_1_100' title='bbox 647 1401 700 1445; x_wconf 89' lang='lat' dir='ltr'><strong>et</strong></span> <span class='ocrx_word' id='word_1_101' title='bbox 718 1388 794 1445; x_wconf 90' lang='lat' dir='ltr'><strong>sic</strong></span> <span class='ocrx_word' id='word_1_102' title='bbox 819 1389 1095 1446; x_wconf 81' lang='lat' dir='ltr'><strong>invenitur</strong></span> <span class='ocrx_word' id='word_1_103' title='bbox 1118 1401 1178 1444; x_wconf 90' lang='lat' dir='ltr'><strong>ut</strong></span> <span class='ocrx_word' id='word_1_104' title='bbox 1202 1401 1332 1446; x_wconf 89' lang='lat' dir='ltr'><strong>erat.</strong></span> 
     </span>
    </p>

    <p class='ocr_par' dir='ltr' id='par_1_3' title="bbox 153 1474 1880 1816">
     <span class='ocr_line' id='line_1_14' title="bbox 230 1474 1879 1555; baseline -0.001 -19"><span class='ocrx_word' id='word_1_105' title='bbox 230 1477 431 1536; x_wconf 85' lang='lat' dir='ltr'><strong>XXIV.</strong></span> <span class='ocrx_word' id='word_1_106' title='bbox 467 1474 625 1532; x_wconf 86' lang='lat' dir='ltr'><strong>Unde</strong></span> <span class='ocrx_word' id='word_1_107' title='bbox 650 1474 808 1531; x_wconf 89' lang='lat' dir='ltr'><strong>Plato</strong></span> <span class='ocrx_word' id='word_1_108' title='bbox 837 1474 926 1531; x_wconf 91' lang='lat' dir='ltr'><strong>ille</strong></span> <span class='ocrx_word' id='word_1_109' title='bbox 949 1475 1319 1555; x_wconf 83' lang='lat' dir='ltr'><strong>philosophus</strong></span> <span class='ocrx_word' id='word_1_110' title='bbox 1341 1476 1539 1533; x_wconf 86' lang='lat' dir='ltr'><strong>nobilis</strong></span> <span class='ocrx_word' id='word_1_111' title='bbox 1557 1477 1879 1555; x_wconf 89' lang='lat' dir='ltr'><strong>persuadere</strong></span> 
     </span>
     <span class='ocr_line' id='line_1_15' title="bbox 153 1561 1880 1643; baseline 0 -21"><span class='ocrx_word' id='word_1_112' title='bbox 153 1577 380 1622; x_wconf 87' lang='lat' dir='ltr'><strong>conatus</strong></span> <span class='ocrx_word' id='word_1_113' title='bbox 402 1575 478 1620; x_wconf 89' lang='lat' dir='ltr'><strong>est</strong></span> <span class='ocrx_word' id='word_1_114' title='bbox 503 1562 690 1619; x_wconf 74' lang='lat' dir='ltr'><strong>vixisse</strong></span> <span class='ocrx_word' id='word_1_115' title='bbox 713 1561 806 1619; x_wconf 89' lang='lat' dir='ltr'><strong>hic</strong></span> <span class='ocrx_word' id='word_1_116' title='bbox 828 1561 1035 1618; x_wconf 89' lang='lat' dir='ltr'><strong>animas</strong></span> <span class='ocrx_word' id='word_1_117' title='bbox 1056 1561 1370 1632; x_wconf 89' lang='lat' dir='ltr'><strong>bominum,</strong></span> <span class='ocrx_word' id='word_1_118' title='bbox 1398 1576 1450 1619; x_wconf 90' lang='lat' dir='ltr'><strong>et</strong></span> <span class='ocrx_word' id='word_1_119' title='bbox 1473 1576 1762 1643; x_wconf 86' lang='lat' dir='ltr'><strong>antequam</strong></span> <span class='ocrx_word' id='word_1_120' title='bbox 1781 1566 1880 1622; x_wconf 81' lang='lat' dir='ltr'><strong>ista</strong></span> 
     </span>
     <span class='ocr_line' id='line_1_16' title="bbox 155 1648 1879 1733; baseline 0.001 -24"><span class='ocrx_word' id='word_1_121' title='bbox 155 1674 387 1733; x_wconf 88' lang='lat' dir='ltr'><strong>corpora</strong></span> <span class='ocrx_word' id='word_1_122' title='bbox 407 1663 650 1726; x_wconf 85' lang='lat' dir='ltr'><strong>gererent</strong></span> <span class='ocrx_word' id='word_1_123' title='bbox 680 1671 693 1705; x_wconf 72' lang='grc' dir='ltr'>ε</span> <span class='ocrx_word' id='word_1_124' title='bbox 729 1662 783 1707; x_wconf 92' lang='lat' dir='ltr'><strong>et</strong></span> <span class='ocrx_word' id='word_1_125' title='bbox 820 1649 955 1706; x_wconf 90' lang='lat' dir='ltr'><strong>hinc</strong></span> <span class='ocrx_word' id='word_1_126' title='bbox 989 1669 1097 1706; x_wconf 89' lang='lat' dir='ltr'><strong>esse</strong></span> <span class='ocrx_word' id='word_1_127' title='bbox 1126 1648 1276 1728; x_wconf 89' lang='lat' dir='ltr'><strong>quod</strong></span> <span class='ocrx_word' id='word_1_128' title='bbox 1309 1671 1367 1707; x_wconf 90' lang='lat' dir='ltr'><strong>ea</strong></span> <span class='ocrx_word' id='word_1_129' title='bbox 1405 1671 1531 1730; x_wconf 88' lang='lat' dir='ltr'><strong>quae</strong></span> <span class='ocrx_word' id='word_1_130' title='bbox 1559 1651 1845 1711; x_wconf 85' lang='lat' dir='ltr'><strong>discuntur</strong></span> <span class='ocrx_word' id='word_1_131' title='bbox 1866 1701 1879 1722; x_wconf 91' lang='lat'><strong>,</strong></span> 
     </span>
     <span class='ocr_line' id='line_1_17' title="bbox 155 1735 1874 1816; baseline 0.001 -19"><span class='ocrx_word' id='word_1_132' title='bbox 155 1739 581 1798; x_wconf 86' lang='lat' dir='ltr'><strong>reminiscuntur</strong></span> <span class='ocrx_word' id='word_1_133' title='bbox 600 1736 786 1816; x_wconf 86' lang='lat' dir='ltr'><strong>potius</strong></span> <span class='ocrx_word' id='word_1_134' title='bbox 811 1735 1030 1811; x_wconf 81' lang='lat' dir='ltr'><strong>cognita</strong></span> <span class='ocrx_word' id='word_1_135' title='bbox 1053 1781 1066 1804; x_wconf 91' lang='lat'><strong>,</strong></span> <span class='ocrx_word' id='word_1_136' title='bbox 1096 1756 1262 1815; x_wconf 89' lang='lat' dir='ltr'><strong>quam</strong></span> <span class='ocrx_word' id='word_1_137' title='bbox 1286 1749 1690 1812; x_wconf 84' lang='lat' dir='ltr'><strong>cognoscuntur</strong></span> <span class='ocrx_word' id='word_1_138' title='bbox 1715 1761 1874 1799; x_wconf 87' lang='lat' dir='ltr'><strong>nova.</strong></span> 
     </span>
    </p>

    <p class='ocr_par' dir='ltr' id='par_1_4' title="bbox 128 1822 1979 3304">
     <span class='ocr_line' id='line_1_18' title="bbox 128 1822 1885 1903; baseline -0.001 -19"><span class='ocrx_word' id='word_1_139' title='bbox 128 1826 131 1829; x_wconf 58' lang='grc'>’</span> <span class='ocrx_word' id='word_1_140' title='bbox 156 1826 368 1884; x_wconf 84' lang='lat' dir='ltr'><strong>Retulit</strong></span> <span class='ocrx_word' id='word_1_141' title='bbox 396 1826 536 1883; x_wconf 89' lang='lat' dir='ltr'><strong>enim</strong></span> <span class='ocrx_word' id='word_1_142' title='bbox 563 1871 576 1894; x_wconf 93' lang='lat'><strong>,</strong></span> <span class='ocrx_word' id='word_1_143' title='bbox 615 1845 848 1903; x_wconf 88' lang='lat' dir='ltr'><strong>puerum</strong></span> <span class='ocrx_word' id='word_1_144' title='bbox 879 1822 1175 1902; x_wconf 88' lang='lat' dir='ltr'><strong>quemdam</strong></span> <span class='ocrx_word' id='word_1_145' title='bbox 1215 1823 1397 1880; x_wconf 89' lang='lat' dir='ltr'><strong>nescio</strong></span> <span class='ocrx_word' id='word_1_146' title='bbox 1424 1845 1551 1903; x_wconf 83' lang='lat' dir='ltr'><strong>quae</strong></span> <span class='ocrx_word' id='word_1_147' title='bbox 1577 1824 1644 1882; x_wconf 92' lang='lat' dir='ltr'><strong>de</strong></span> <span class='ocrx_word' id='word_1_148' title='bbox 1667 1847 1885 1901; x_wconf 87' lang='lat' dir='ltr'><strong>geome-</strong></span> 
     </span>
     <span class='ocr_line' id='line_1_19' title="bbox 160 1910 1888 1991; baseline 0 -19"><span class='ocrx_word' id='word_1_149' title='bbox 160 1917 298 1974; x_wconf 88' lang='lat' dir='ltr'><strong>trica</strong></span> <span class='ocrx_word' id='word_1_150' title='bbox 328 1916 718 1988; x_wconf 85' lang='lat' dir='ltr'><strong>interrogatum</strong></span> <span class='ocrx_word' id='word_1_151' title='bbox 737 1957 751 1982; x_wconf 92' lang='lat'><strong>,</strong></span> <span class='ocrx_word' id='word_1_152' title='bbox 785 1912 861 1968; x_wconf 89' lang='lat' dir='ltr'><strong>sic</strong></span> <span class='ocrx_word' id='word_1_153' title='bbox 883 1910 1221 1990; x_wconf 86' lang='lat' dir='ltr'><strong>respondisse</strong></span> <span class='ocrx_word' id='word_1_154' title='bbox 1240 1957 1255 1981; x_wconf 89' lang='lat'><strong>,</strong></span> <span class='ocrx_word' id='word_1_155' title='bbox 1289 1923 1553 1991; x_wconf 84' lang='lat' dir='ltr'><strong>tanquam</strong></span> <span class='ocrx_word' id='word_1_156' title='bbox 1582 1927 1715 1971; x_wconf 86' lang='lat' dir='ltr'><strong>esset</strong></span> <span class='ocrx_word' id='word_1_157' title='bbox 1742 1915 1888 1971; x_wconf 89' lang='lat' dir='ltr'><strong>illius</strong></span> 
     </span>
     <span class='ocr_line' id='line_1_20' title="bbox 161 1998 1891 2085; baseline -0.002 -23"><span class='ocrx_word' id='word_1_158' title='bbox 161 2003 518 2085; x_wconf 82' lang='lat' dir='ltr'><strong>peritissimus</strong></span> <span class='ocrx_word' id='word_1_159' title='bbox 536 1999 862 2079; x_wconf 84' lang='lat' dir='ltr'><strong>disciplinae.</strong></span> <span class='ocrx_word' id='word_1_160' title='bbox 889 1998 1179 2056; x_wconf 87' lang='lat' dir='ltr'><strong>Gradatim</strong></span> <span class='ocrx_word' id='word_1_161' title='bbox 1199 1998 1408 2078; x_wconf 90' lang='lat' dir='ltr'><strong>quippe</strong></span> <span class='ocrx_word' id='word_1_162' title='bbox 1426 2012 1585 2078; x_wconf 83' lang='lat' dir='ltr'><strong>atque</strong></span> <span class='ocrx_word' id='word_1_163' title='bbox 1602 2001 1891 2059; x_wconf 87' lang='lat' dir='ltr'><strong>artificiose</strong></span> 
     </span>
     <span class='ocr_line' id='line_1_21' title="bbox 163 2085 1891 2167; baseline -0.002 -17"><span class='ocrx_word' id='word_1_164' title='bbox 163 2093 521 2165; x_wconf 84' lang='lat' dir='ltr'><strong>interrogatus</strong></span> <span class='ocrx_word' id='word_1_165' title='bbox 544 2135 558 2159; x_wconf 97' lang='lat'><strong>,</strong></span> <span class='ocrx_word' id='word_1_166' title='bbox 594 2086 820 2145; x_wconf 88' lang='lat' dir='ltr'><strong>videbat</strong></span> <span class='ocrx_word' id='word_1_167' title='bbox 859 2085 1011 2165; x_wconf 86' lang='lat' dir='ltr'><strong>quod</strong></span> <span class='ocrx_word' id='word_1_168' title='bbox 1046 2085 1345 2144; x_wconf 87' lang='lat' dir='ltr'><strong>videndum</strong></span> <span class='ocrx_word' id='word_1_169' title='bbox 1378 2099 1492 2142; x_wconf 87' lang='lat' dir='ltr'><strong>erat</strong></span> <span class='ocrx_word' id='word_1_170' title='bbox 1513 2132 1528 2156; x_wconf 90' lang='lat'><strong>,</strong></span> <span class='ocrx_word' id='word_1_171' title='bbox 1562 2087 1891 2167; x_wconf 85' lang='lat' dir='ltr'><strong>dicebatque</strong></span> 
     </span>
     <span class='ocr_line' id='line_1_22' title="bbox 167 2172 1979 2260; baseline -0.001 -25"><span class='ocrx_word' id='word_1_172' title='bbox 167 2179 319 2260; x_wconf 90' lang='lat' dir='ltr'><strong>quod</strong></span> <span class='ocrx_word' id='word_1_173' title='bbox 365 2177 591 2237; x_wconf 84' lang='lat' dir='ltr'><strong>viderat.</strong></span> <span class='ocrx_word' id='word_1_174' title='bbox 641 2173 747 2231; x_wconf 89' lang='lat' dir='ltr'><strong>Sed</strong></span> <span class='ocrx_word' id='word_1_175' title='bbox 788 2174 832 2230; x_wconf 93' lang='lat' dir='ltr'><strong>si</strong></span> <span class='ocrx_word' id='word_1_176' title='bbox 876 2172 1182 2230; x_wconf 83' lang='lat' dir='ltr'><strong>recordatio</strong></span> <span class='ocrx_word' id='word_1_177' title='bbox 1205 2173 1330 2229; x_wconf 84' lang='lat' dir='ltr'><strong>haec</strong></span> <span class='ocrx_word' id='word_1_178' title='bbox 1362 2185 1495 2230; x_wconf 87' lang='lat' dir='ltr'><strong>esset</strong></span> <span class='ocrx_word' id='word_1_179' title='bbox 1529 2194 1707 2232; x_wconf 87' lang='lat' dir='ltr'><strong>rerum</strong></span> <span class='ocrx_word' id='word_1_180' title='bbox 1737 2190 1893 2234; x_wconf 87' lang='lat' dir='ltr'><strong>antea</strong></span> <span class='ocrx_word' id='word_1_181' title='bbox 1975 2191 1979 2194; x_wconf 77' lang='grc'><strong>’</strong></span> 
     </span>
     <span class='ocr_line' id='line_1_23' title="bbox 168 2260 1893 2342; baseline -0.002 -17"><span class='ocrx_word' id='word_1_182' title='bbox 168 2267 510 2342; x_wconf 83' lang='lat' dir='ltr'><strong>cognitarum</strong></span> <span class='ocrx_word' id='word_1_183' title='bbox 529 2310 542 2334; x_wconf 93' lang='lat'><strong>,</strong></span> <span class='ocrx_word' id='word_1_184' title='bbox 571 2283 683 2319; x_wconf 89' lang='lat' dir='ltr'><strong>non</strong></span> <span class='ocrx_word' id='word_1_185' title='bbox 708 2261 898 2341; x_wconf 87' lang='lat' dir='ltr'><strong>utique</strong></span> <span class='ocrx_word' id='word_1_186' title='bbox 930 2281 1114 2317; x_wconf 88' lang='lat' dir='ltr'><strong>omnes</strong></span> <span class='ocrx_word' id='word_1_187' title='bbox 1136 2260 1222 2319; x_wconf 86' lang='lat' dir='ltr'><strong>vel</strong></span> <span class='ocrx_word' id='word_1_188' title='bbox 1242 2281 1381 2339; x_wconf 91' lang='lat' dir='ltr'><strong>pene</strong></span> <span class='ocrx_word' id='word_1_189' title='bbox 1404 2281 1617 2332; x_wconf 78' lang='lat' dir='ltr'><strong>omneS,</strong></span> <span class='ocrx_word' id='word_1_190' title='bbox 1650 2283 1776 2320; x_wconf 90' lang='lat' dir='ltr'><strong>cum</strong></span> <span class='ocrx_word' id='word_1_191' title='bbox 1799 2263 1893 2321; x_wconf 93' lang='lat' dir='ltr'><strong>illo</strong></span> 
     </span>
     <span class='ocr_line' id='line_1_24' title="bbox 169 2347 1894 2426; baseline -0.002 -15"><span class='ocrx_word' id='word_1_192' title='bbox 169 2352 335 2411; x_wconf 89' lang='lat' dir='ltr'><strong>modo</strong></span> <span class='ocrx_word' id='word_1_193' title='bbox 367 2352 866 2423; x_wconf 85' lang='lat' dir='ltr'><strong>interrogarentur..</strong></span> <span class='ocrx_word' id='word_1_194' title='bbox 894 2347 1004 2403; x_wconf 88' lang='lat' dir='ltr'><strong>hoc</strong></span> <span class='ocrx_word' id='word_1_195' title='bbox 1032 2359 1269 2426; x_wconf 88' lang='lat' dir='ltr'><strong>possent.</strong></span> <span class='ocrx_word' id='word_1_196' title='bbox 1304 2347 1434 2404; x_wconf 91' lang='lat' dir='ltr'><strong>Non</strong></span> <span class='ocrx_word' id='word_1_197' title='bbox 1460 2347 1607 2404; x_wconf 90' lang='lat' dir='ltr'><strong>enim</strong></span> <span class='ocrx_word' id='word_1_198' title='bbox 1631 2369 1815 2407; x_wconf 88' lang='lat' dir='ltr'><strong>omnes</strong></span> <span class='ocrx_word' id='word_1_199' title='bbox 1838 2350 1894 2406; x_wconf 89' lang='lat' dir='ltr'><strong>in</strong></span> 
     </span>
     <span class='ocr_line' id='line_1_25' title="bbox 171 2433 1897 2522; baseline -0.002 -24"><span class='ocrx_word' id='word_1_200' title='bbox 171 2441 356 2522; x_wconf 89' lang='lat' dir='ltr'><strong>priore</strong></span> <span class='ocrx_word' id='word_1_201' title='bbox 385 2438 499 2497; x_wconf 84' lang='lat' dir='ltr'><strong>vita</strong></span> <span class='ocrx_word' id='word_1_202' title='bbox 524 2448 814 2513; x_wconf 86' lang='lat' dir='ltr'><strong>geometrae</strong></span> <span class='ocrx_word' id='word_1_203' title='bbox 840 2433 1097 2505; x_wconf 85' lang='lat' dir='ltr'><strong>fuerunt,</strong></span> <span class='ocrx_word' id='word_1_204' title='bbox 1131 2455 1257 2491; x_wconf 90' lang='lat' dir='ltr'><strong>cum</strong></span> <span class='ocrx_word' id='word_1_205' title='bbox 1293 2446 1408 2490; x_wconf 88' lang='lat' dir='ltr'><strong>tam</strong></span> <span class='ocrx_word' id='word_1_206' title='bbox 1442 2434 1549 2491; x_wconf 88' lang='lat' dir='ltr'><strong>rari</strong></span> <span class='ocrx_word' id='word_1_207' title='bbox 1580 2435 1688 2493; x_wconf 90' lang='lat' dir='ltr'><strong>sint</strong></span> <span class='ocrx_word' id='word_1_208' title='bbox 1708 2436 1764 2493; x_wconf 93' lang='lat' dir='ltr'><strong>in</strong></span> <span class='ocrx_word' id='word_1_209' title='bbox 1801 2459 1897 2512; x_wconf 83' lang='lat' dir='ltr'><strong>ge-</strong></span> 
     </span>
     <span class='ocr_line' id='line_1_26' title="bbox 173 2521 1899 2603; baseline -0.003 -16"><span class='ocrx_word' id='word_1_210' title='bbox 173 2549 298 2587; x_wconf 88' lang='lat' dir='ltr'><strong>nere</strong></span> <span class='ocrx_word' id='word_1_211' title='bbox 330 2526 612 2595; x_wconf 88' lang='lat' dir='ltr'><strong>humano‚</strong></span> <span class='ocrx_word' id='word_1_212' title='bbox 650 2537 711 2581; x_wconf 88' lang='lat' dir='ltr'><strong>ut</strong></span> <span class='ocrx_word' id='word_1_213' title='bbox 735 2523 825 2581; x_wconf 85' lang='lat' dir='ltr'><strong>vix</strong></span> <span class='ocrx_word' id='word_1_214' title='bbox 851 2522 1024 2602; x_wconf 87' lang='lat' dir='ltr'><strong>possit</strong></span> <span class='ocrx_word' id='word_1_215' title='bbox 1057 2521 1300 2600; x_wconf 89' lang='lat' dir='ltr'><strong>aliquis</strong></span> <span class='ocrx_word' id='word_1_216' title='bbox 1285 2521 1561 2579; x_wconf 87' lang='lat' dir='ltr'><strong>mveniri.</strong></span> <span class='ocrx_word' id='word_1_217' title='bbox 1599 2522 1689 2579; x_wconf 91' lang='lat' dir='ltr'><strong>sed</strong></span> <span class='ocrx_word' id='word_1_218' title='bbox 1714 2525 1899 2603; x_wconf 89' lang='lat' dir='ltr'><strong>potius</strong></span> 
     </span>
     <span class='ocr_line' id='line_1_27' title="bbox 176 2607 1898 2674; baseline -0.003 0"><span class='ocrx_word' id='word_1_219' title='bbox 176 2614 509 2674; x_wconf 89' lang='lat' dir='ltr'><strong>credendum</strong></span> <span class='ocrx_word' id='word_1_220' title='bbox 531 2625 609 2670; x_wconf 87' lang='lat' dir='ltr'><strong>est</strong></span> <span class='ocrx_word' id='word_1_221' title='bbox 635 2611 829 2668; x_wconf 86' lang='lat' dir='ltr'><strong>mentis</strong></span> <span class='ocrx_word' id='word_1_222' title='bbox 848 2607 1275 2667; x_wconf 84' lang='lat' dir='ltr'><strong>intellectualis</strong></span> <span class='ocrx_word' id='word_1_223' title='bbox 1260 2621 1335 2664; x_wconf 81' lang='lat' dir='ltr'><strong>lta</strong></span> <span class='ocrx_word' id='word_1_224' title='bbox 1363 2607 1643 2666; x_wconf 87' lang='lat' dir='ltr'><strong>conditam</strong></span> <span class='ocrx_word' id='word_1_225' title='bbox 1673 2631 1781 2667; x_wconf 90' lang='lat' dir='ltr'><strong>esse</strong></span> <span class='ocrx_word' id='word_1_226' title='bbox 1805 2633 1898 2669; x_wconf 88' lang='lat' dir='ltr'><strong>na-</strong></span> 
     </span>
     <span class='ocr_line' id='line_1_28' title="bbox 177 2695 1901 2778; baseline -0.003 -17"><span class='ocrx_word' id='word_1_227' title='bbox 177 2717 389 2773; x_wconf 85' lang='lat' dir='ltr'><strong>turam,</strong></span> <span class='ocrx_word' id='word_1_228' title='bbox 423 2714 486 2758; x_wconf 89' lang='lat' dir='ltr'><strong>ut</strong></span> <span class='ocrx_word' id='word_1_229' title='bbox 515 2700 677 2757; x_wconf 88' lang='lat' dir='ltr'><strong>rebus</strong></span> <span class='ocrx_word' id='word_1_230' title='bbox 716 2695 1152 2772; x_wconf 85' lang='lat' dir='ltr'><strong>intelligibilibus</strong></span> <span class='ocrx_word' id='word_1_231' title='bbox 1189 2695 1425 2752; x_wconf 88' lang='lat' dir='ltr'><strong>naturali</strong></span> <span class='ocrx_word' id='word_1_232' title='bbox 1461 2695 1650 2754; x_wconf 84' lang='lat' dir='ltr'><strong>ordine</strong></span> <span class='ocrx_word' id='word_1_233' title='bbox 1672 2743 1686 2767; x_wconf 93' lang='lat'><strong>,</strong></span> <span class='ocrx_word' id='word_1_234' title='bbox 1717 2697 1901 2778; x_wconf 88' lang='lat' dir='ltr'><strong>dispo-</strong></span> 
     </span>
     <span class='ocr_line' id='line_1_29' title="bbox 181 2783 1905 2864; baseline -0.003 -16"><span class='ocrx_word' id='word_1_235' title='bbox 181 2803 340 2848; x_wconf 89' lang='lat' dir='ltr'><strong>nente</strong></span> <span class='ocrx_word' id='word_1_236' title='bbox 378 2788 676 2847; x_wconf 87' lang='lat' dir='ltr'><strong>Conditore</strong></span> <span class='ocrx_word' id='word_1_237' title='bbox 700 2833 713 2857; x_wconf 92' lang='lat'><strong>,</strong></span> <span class='ocrx_word' id='word_1_238' title='bbox 764 2786 1057 2860; x_wconf 82' lang='lat' dir='ltr'><strong>subjuncta</strong></span> <span class='ocrx_word' id='word_1_239' title='bbox 1106 2783 1182 2840; x_wconf 89' lang='lat' dir='ltr'><strong>sic</strong></span> <span class='ocrx_word' id='word_1_240' title='bbox 1223 2784 1325 2840; x_wconf 89' lang='lat' dir='ltr'><strong>ista</strong></span> <span class='ocrx_word' id='word_1_241' title='bbox 1368 2783 1551 2841; x_wconf 86' lang='lat' dir='ltr'><strong>videat</strong></span> <span class='ocrx_word' id='word_1_242' title='bbox 1576 2784 1633 2841; x_wconf 91' lang='lat' dir='ltr'><strong>in</strong></span> <span class='ocrx_word' id='word_1_243' title='bbox 1666 2786 1905 2864; x_wconf 87' lang='lat' dir='ltr'><strong>quadam</strong></span> 
     </span>
     <span class='ocr_line' id='line_1_30' title="bbox 182 2869 1908 2952; baseline -0.002 -16"><span class='ocrx_word' id='word_1_244' title='bbox 182 2874 305 2936; x_wconf 88' lang='lat' dir='ltr'><strong>luce</strong></span> <span class='ocrx_word' id='word_1_245' title='bbox 334 2878 426 2934; x_wconf 88' lang='lat' dir='ltr'><strong>sui·</strong></span> <span class='ocrx_word' id='word_1_246' title='bbox 438 2875 642 2951; x_wconf 85' lang='lat' dir='ltr'><strong>generis</strong></span> <span class='ocrx_word' id='word_1_247' title='bbox 669 2874 993 2952; x_wconf 84' lang='lat' dir='ltr'><strong>incorporea</strong></span> <span class='ocrx_word' id='word_1_248' title='bbox 1017 2916 1031 2941; x_wconf 87' lang='lat'><strong>,</strong></span> <span class='ocrx_word' id='word_1_249' title='bbox 1072 2869 1539 2950; x_wconf 89' lang='lat' dir='ltr'><strong>quemadmodum</strong></span> <span class='ocrx_word' id='word_1_250' title='bbox 1570 2871 1759 2929; x_wconf 88' lang='lat' dir='ltr'><strong>oculus</strong></span> <span class='ocrx_word' id='word_1_251' title='bbox 1795 2895 1908 2932; x_wconf 82' lang='lat' dir='ltr'><strong>car·</strong></span> 
     </span>
     <span class='ocr_line' id='line_1_31' title="bbox 184 2958 1913 3061; baseline -0.002 -37"><span class='ocrx_word' id='word_1_252' title='bbox 184 2966 270 3025; x_wconf 83' lang='lat' dir='ltr'><strong>nis</strong></span> <span class='ocrx_word' id='word_1_253' title='bbox 290 2987 320 3024; x_wconf 79' lang='lat' dir='ltr'>v</span> <span class='ocrx_word' id='word_1_254' title='bbox 309 2965 440 3022; x_wconf 87' lang='lat' dir='ltr'><strong>⁷idet</strong></span> <span class='ocrx_word' id='word_1_255' title='bbox 461 2984 586 3043; x_wconf 85' lang='lat' dir='ltr'><strong>quae</strong></span> <span class='ocrx_word' id='word_1_256' title='bbox 609 2962 666 3019; x_wconf 91' lang='lat' dir='ltr'><strong>in</strong></span> <span class='ocrx_word' id='word_1_257' title='bbox 687 2962 794 3018; x_wconf 90' lang='lat' dir='ltr'><strong>hac</strong></span> <span class='ocrx_word' id='word_1_258' title='bbox 819 2980 1082 3038; x_wconf 87' lang='lat' dir='ltr'><strong>corporea</strong></span> <span class='ocrx_word' id='word_1_259' title='bbox 1098 2958 1220 3016; x_wconf 91' lang='lat' dir='ltr'><strong>luce</strong></span> <span class='ocrx_word' id='word_1_260' title='bbox 1237 2958 1728 3034; x_wconf 88' lang='lat' dir='ltr'><strong>circumadjacent,</strong></span> <span class='ocrx_word' id='word_1_261' title='bbox 1757 2969 1913 3061; x_wconf 81' lang='lat' dir='ltr'><strong>cujus</strong></span> 
     </span>
     <span class='ocr_line' id='line_1_32' title="bbox 187 3047 1912 3149; baseline -0.002 -38"><span class='ocrx_word' id='word_1_262' title='bbox 187 3052 328 3111; x_wconf 87' lang='lat' dir='ltr'><strong>lucis</strong></span> <span class='ocrx_word' id='word_1_263' title='bbox 357 3071 528 3149; x_wconf 80' lang='lat' dir='ltr'><strong>capax</strong></span> <span class='ocrx_word' id='word_1_264' title='bbox 551 3049 708 3128; x_wconf 86' lang='lat' dir='ltr'><strong>eique</strong></span> <span class='ocrx_word' id='word_1_265' title='bbox 740 3066 1040 3121; x_wconf 81' lang='lat' dir='ltr'><strong>congruens</strong></span> <span class='ocrx_word' id='word_1_266' title='bbox 1059 3058 1138 3103; x_wconf 87' lang='lat' dir='ltr'><strong>est</strong></span> <span class='ocrx_word' id='word_1_267' title='bbox 1159 3060 1387 3106; x_wconf 87' lang='lat' dir='ltr'><strong>creatus.</strong></span> <span class='ocrx_word' id='word_1_268' title='bbox 1421 3047 1545 3104; x_wconf 91' lang='lat' dir='ltr'><strong>Non</strong></span> <span class='ocrx_word' id='word_1_269' title='bbox 1561 3047 1705 3104; x_wconf 90' lang='lat' dir='ltr'><strong>enim</strong></span> <span class='ocrx_word' id='word_1_270' title='bbox 1727 3062 1779 3105; x_wconf 89' lang='lat' dir='ltr'><strong>et</strong></span> <span class='ocrx_word' id='word_1_271' title='bbox 1798 3051 1912 3130; x_wconf 88' lang='lat' dir='ltr'><strong>ipse</strong></span> 
     </span>
     <span class='ocr_line' id='line_1_33' title="bbox 156 3122 1913 3215; baseline -0.003 -14.907"><span class='ocrx_word' id='word_1_272' title='bbox 156 3142 312 3200; x_wconf 86' lang='lat' dir='ltr'><strong>ideo</strong></span> <span class='ocrx_word' id='word_1_273' title='bbox 343 3139 456 3197; x_wconf 90' lang='lat' dir='ltr'><strong>sine</strong></span> <span class='ocrx_word' id='word_1_274' title='bbox 481 3137 741 3215; x_wconf 86' lang='lat' dir='ltr'><strong>magistro</strong></span> <span class='ocrx_word' id='word_1_275' title='bbox 768 3133 892 3191; x_wconf 89' lang='lat' dir='ltr'><strong>alba</strong></span> <span class='ocrx_word' id='word_1_276' title='bbox 920 3145 972 3190; x_wconf 88' lang='lat' dir='ltr'><strong>ct</strong></span> <span class='ocrx_word' id='word_1_277' title='bbox 998 3133 1153 3209; x_wconf 86' lang='lat' dir='ltr'><strong>nigra</strong></span> <span class='ocrx_word' id='word_1_278' title='bbox 1191 3132 1480 3206; x_wconf 88' lang='lat' dir='ltr'><strong>discernit,</strong></span> <span class='ocrx_word' id='word_1_279' title='bbox 1522 3122 1651 3214; x_wconf 90' lang='lat' dir='ltr'><strong>quia</strong></span> <span class='ocrx_word' id='word_1_280' title='bbox 1678 3136 1778 3192; x_wconf 86' lang='lat' dir='ltr'><strong>ista</strong></span> <span class='ocrx_word' id='word_1_281' title='bbox 1795 3141 1913 3211; x_wconf 87' lang='lat' dir='ltr'><strong>jam</strong></span> 
     </span>
     <span class='ocr_line' id='line_1_34' title="bbox 191 3220 1920 3304; baseline -0.003 -17"><span class='ocrx_word' id='word_1_282' title='bbox 191 3240 418 3291; x_wconf 79' lang='lat' dir='ltr'><strong>noverat</strong></span> <span class='ocrx_word' id='word_1_283' title='bbox 449 3238 740 3304; x_wconf 87' lang='lat' dir='ltr'><strong>antequam</strong></span> <span class='ocrx_word' id='word_1_284' title='bbox 774 3221 830 3279; x_wconf 90' lang='lat' dir='ltr'><strong>in</strong></span> <span class='ocrx_word' id='word_1_285' title='bbox 857 3220 965 3279; x_wconf 89' lang='lat' dir='ltr'><strong>hac</strong></span> <span class='ocrx_word' id='word_1_286' title='bbox 997 3242 1160 3279; x_wconf 87' lang='lat' dir='ltr'><strong>carne</strong></span> <span class='ocrx_word' id='word_1_287' title='bbox 1197 3235 1491 3281; x_wconf 87' lang='lat' dir='ltr'><strong>crearetur.</strong></span> <span class='ocrx_word' id='word_1_288' title='bbox 1538 3221 1786 3300; x_wconf 87' lang='lat' dir='ltr'><strong>Denique</strong></span> <span class='ocrx_word' id='word_1_289' title='bbox 1819 3244 1920 3282; x_wconf 86' lang='lat' dir='ltr'><strong>cur</strong></span> 
     </span>
    </p>
   </div>
  </div>
 </body>
</html>
