2144 3808
281 325 399 383 518
811 342 853 381 s.
908 341 1216 383 Aucusrmr
1259 342 1514 381 Emsoorr

280 425 671 505 omnipotentis
712 424 918 487 alienus
955 437 1066 494 est,
1104 425 1246 483 sicut
1274 434 1450 504 neque
1491 447 1520 484 a
1557 424 1820 486 bonitatei
1863 425 2005 485 Nam

278 529 332 574 et·
380 513 605 589 maligni
662 512 837 588 angeli
884 511 1028 570 unde
1071 512 1462 593 qualicumque
1489 510 1843 572 subsisterent
1869 513 2004 584 vita,
2038 558 2041 561 .

276 603 380 662 nisi
410 620 511 683 per
536 623 659 660 eum
692 601 789 681 qui
812 601 1055 659 vivificat
1073 602 1294 659 omnia?
1324 601 1380 658 Si
1401 613 1528 677 ergo
1547 601 1854 659 commissio
1874 622 2011 682 pec*

274 707 457 751 torum
498 713 599 772 per
637 691 773 749 iram·
802 691 899 748 Dei
939 694 1142 766 justam
1175 690 1456 748 bominem
1488 690 1738 748 subdidit
1759 690 2008 761 diabolo,

273 779 522 861 profecto
567 778 808 837 remissio
839 791 1193 858 peccatorum
1241 798 1340 858 per
1383 777 1883 847 reconciliationem
1911 777 2013 836 Dei

273 869 591 943 benignam,
620 867 763 925 eruit
781 867 1061 925 hominem
1090 885 1119 924 a
1151 866 1390 926 diabolo.

355 957 536 1016 xvii.
573 958 696 1014 Non
725 968 905 1013 autem
929 955 1184 1013 diabolus
1219 955 1470 1034 potentia»
1507 954 1628 1025 Dei,
1683 953 1775 1012 sed
1796 954 2014 1029 justitia

277 1044 620 1125 superandus
647 1043 772 1100 fuit.
814 1044 951 1099 Nam
983 1041 1120 1122 quid
1156 1043 1534 1120 omnipotente
1565 1042 1876 1121 potentius?
1904 1041 2015 1100 A‘ut

276 1138 433 1208 cujus
455 1143 721 1188 creaturae
744 1142 982 1209 potestas
1012 1131 1268 1209 potestati
1290 1126 1563 1187 Creatoris
1589 1129 1897 1210 comparari
1917 1151 2016 1210 po-

275 1218 544 1277 testa-Sed
572 1239 701 1276 cum
725 1217 979 1275 diabolus
1004 1217 1138 1275 vitio
1177 1217 1549 1297 perversitatis
1582 1239 1696 1275 suae
1723 1217 1902 1276 factus
1948 1219 2017 1276 sit

277 1321 484 1366 amator
506 1307 790 1387 potentiae,
826 1319 877 1364 et
894 1306 1136 1364 desertor
1161 1319 1621 1406 oppugnatorque
1646 1305 1910 1382 justitiae·
1897 1347 1912 1375 ‚
1939 1306 2016 1364 sic

277 1396 424 1454 enim
451 1409 504 1454 et
529 1395 779 1453 homines
803 1416 927 1452 eum
950 1407 1100 1452 tanto
1125 1395 1296 1470 magis
1323 1395 1634 1466 imitantur,
1662 1407 1872 1475 quanto
1902 1409 2017 1452 ma-

276 1485 356 1560 gis
382 1482 648 1558 neglecta,
682 1482 769 1542 vel
799 1484 960 1540 etiam
990 1500 1184 1563 perosa
1202 1483 1438 1559 justitia,
1471 1485 1737 1562 potentiae
1767 1481 2013 1553 student,

277 1578 501 1652 ejusque
521 1572 606 1631 vel
635 1571 931 1651 adeptione·
959 1571 1255 1643 laetantur,
1295 1571 1382 1631 vel
1414 1571 1825 1630 inflammantur
1852 1571 2018 1651 cupi-

278 1661 449 1721 ditate
478 1682 494 1718 ε
519 1660 730 1742 placuit
763 1661 896 1732 Deo,
933 1673 994 1718 ut
1029 1675 1258 1740 propter
1304 1659 1609 1718 eruendum
1640 1658 2018 1725 hominemde

279 1749 488 1808 diaboli
518 1762 806 1829 potestate,
839 1766 955 1807 non'
981 1750 1228 1830 potentia
1249 1748 1526 1819 diaboluS,
1552 1748 1642 1806 sed
1654 1747 1871 1824 justitia
1900 1748 2020 1808 vin-

281 1851 515 1909 ceretur,
546 1850 707 1917 atque
734 1837 810 1894 ita
832 1850 885 1895 et
904 1837 1156 1895 homines
1188 1837 1464 1895 imitantes
1482 1837 1790 1906 Christum,
1808 1835 2022 1912 justitia

281 1938 590 2006 quaererent
633 1924 919 1982 diabolum
963 1925 1209 1997 vincere,
1251 1946 1362 1982 non
1398 1925 1663 2004 potentia.
1714 1925 1839 1982 Non
1867 1923 2020 2004 quotl

244 2014 246 2016 ’
281 2013 526 2095 potentia
546 2013 703 2094 quasi
724 2013 854 2070 mali
881 2013 1089 2094 aliquid
1112 2012 1371 2089 fugienda
1393 2012 1496 2085 sit3
1528 2012 1621 2070 sed
1642 2011 1778 2070 ordo
1807 2033 2023 2070 servan-

283 2102 386 2161 dus
414 2114 514 2171 est,
547 2122 658 2181 quo
687 2101 841 2180 prior
863 2114 940 2158 est
961 2102 1191 2177 Justitia.
1233 2103 1373 2160 Nam
1395 2114 1603 2182 quanta
1629 2101 1877 2181 potentia
1914 2121 2019 2181 poa

285 2203 388 2248 test
429 2209 539 2247 esse
587 2187 946 2247 mortalium?
979 2192 1024 2246 T
1029 2203 1224 2248 eneant
1260 2211 1387 2265 ergo
1427 2188 1684 2247 mortales
1714 2190 2017 2264 justitiam,

286 2277 535 2359 potentia
565 2276 975 2335 immortalibus
995 2277 1239 2337 dabitur.
1275 2277 1380 2336 Cui
1407 2290 1724 2358 comparata
1745 2275 2022 2357 quantali⁴

286 2366 383 2424 bet
425 2382 615 2422 eorum
654 2363 947 2422 hominum
971 2411 984 2436 ,
1038 2367 1134 2446 qui
1174 2378 1423 2446 potentes
1449 2379 1715 2426 vocantur
1755 2365 1812 2424 in
1858 2378 2018 2435 terra,

259 2511 262 2514 ,
286 2451 519 2511 ridicula
544 2451 1145 2526 infirmitasinvenitur,
1167 2468 1221 2512 et
1236 2453 1316 2512 ibi
1332 2453 1541 2512 foditur
1553 2453 1828 2534 peccatori
1841 2452 2019 2525 fovea,

289 2540 389 2599 ubi
417 2539 675 2598 videntur
700 2540 830 2598 mali
856 2541 1159 2622 plurimum
1186 2563 1360 2623 posse.
1400 2543 1602 2600 Cant-at
1627 2555 1809 2600 autem
1835 2541 1867 2598 J
1875 2554 2025 2600 ustus

288 2641 341 2686 et
369 2627 551 2685 dicit:
575 2655 601 2680 «
625 2628 822 2685 Beatus
844 2628 1015 2687 homo
1036 2653 1196 2711 quem
1221 2644 1276 2688 tu
1302 2629 1585 2700 erudieriS,
1613 2629 1865 2699 Domine,
1884 2643 1934 2688 et
1957 2628 2025 2687 de

287 2743 315 2769 »
342 2717 457 2792 lege
487 2729 593 2784 tua,
607 2716 862 2775 docueris
889 2740 1058 2776 eum·
1095 2733 1155 2777 ut
1182 2719 1394 2794 mitiges
1409 2719 1457 2776 ei
1477 2741 1505 2776 a
1527 2718 1721 2776 diebus
1745 2717 2020 2793 maligniS,

289 2831 317 2858 »
347 2803 524 2862 donec
546 2802 681 2861 sodi·
668 2817 786 2862 ⁸itur
814 2807 1092 2886 peccatori
1126 2806 1299 2866 fovea.
1337 2806 1614 2878 Quoniam
1657 2827 1764 2865 non
1802 2804 2026 2886 repellet

287 2918 313 2943 ))
342 2892 615 2948 Dominus
640 2891 857 2971 plebem
891 2915 1066 2965 suam,
1105 2908 1157 2952 et
1182 2894 1562 2952 haereditatem
1597 2915 1750 2951 suam
1794 2914 1902 2951 non
1926 2892 2025 2952 de·-

288 3006 316 3032 »
346 2979 614 3057 relinquet
637 3001 650 3036 :
674 2979 855 3059 quoad
877 2982 1265 3061 usqueJustitia
1281 2995 1631 3040 convertatur
1654 2982 1709 3039 in
1720 2979 2019 3057 judicium,

290 3084 317 3120 »-
346 3068 511 3145 etqui
534 3067 744 3123 habent
763 3090 901 3140 eam,
932 3086 1117 3127 ornnes
1138 3084 1288 3128 recto
1311 3083 1437 3128 sunt
1460 3070 1625 3129 corde
1643 3068 1684 3130 1.
1709 3097 1734 3122 »
1760 3069 1880 3126 Hoc
1898 3088 2024 3143 ergo

286 3169 533 3234 tempore
561 3173 672 3233 quo
699 3153 952 3213 differtur
994 3158 1241 3236 potentia
1270 3157 1467 3239 populi
1499 3158 1627 3229 Dei,
1661 3178 1773 3215 non
1801 3154 2024 3235 repellet

351 3255 361 3283 ¹
389 3257 489 3297 Psal.
515 3270 638 3306 xmu,
669 3259 816 3301 11-15.
