2144 3808
606 340 674 377 DE
719 337 1039 388 rmum-Ara,
1088 339 1197 380 mn.
1252 341 1292 381 1.
1696 326 1813 405 ¹93*

84 419 289 493 Quaero
317 423 500 503 itaque
522 420 590 480 de
607 441 718 500 quo
747 419 898 477 dicat
918 418 1023 477 alio
1049 419 1170 478 loco
1200 442 1214 478 ε
1244 421 1556 492 «Quoniam
1581 446 1642 483 ex
1664 426 1810 506 ipso,

83 537 110 564 »
141 525 193 569 et
225 533 323 592 per
350 512 531 591 ipsum
551 556 564 581 ,
596 509 720 567 etin
748 508 868 588 ipso
901 521 1027 565 sunt
1050 509 1230 566 omnia
1258 532 1273 566 t
1305 509 1414 590 ipsi
1442 510 1613 587 gloria
1635 514 1692 571 in
1716 537 1815 573 sae-

83 624 110 651 »
137 599 263 657 cula
290 598 634 656 saeculorum.
669 598 860 655 Amen.
888 624 911 648 υ
945 596 1001 654 Si
1034 596 1178 653 enim
1215 595 1282 654 de
1309 602 1469 656 Patre
1513 612 1574 657 et'
1594 600 1732 658 Filio
1759 616 1813 660 et

83 687 296 768 Spiritu
330 700 516 746 sancto
537 733 550 758 ,
581 699 644 744 ut
663 685 886 762 singulis
909 685 1153 765 personis
1196 685 1409 762 singula
1444 687 1767 748 tribuantur
1795 716 1810 759 ;

82 800 109 829 «
126 777 205 834 Ex
235 775 356 856 ipso
375 821 389 847 ‚
423 802 448 828 »
473 797 534 834 ex
560 779 752 842 Patre;
792 799 819 826 c<
840 777 946 831 Per
967 772 1152 852 ipsum
1172 819 1186 844 ‚
1210 799 1236 826 >2
1263 796 1365 854 per
1391 775 1594 834 Filium
1619 802 1634 845 ;
1680 804 1708 831 ι(
1743 780 1811 837 In

83 890 111 917 »
141 865 262 944 ipso
286 911 301 936 ,
324 891 350 916 >³
380 865 438 921 in
474 863 687 943 Spiritu
737 874 924 921 sancto
950 907 966 933 ‚
1000 860 1346 921 manifestum
1375 864 1529 945 quod
1565 867 1729 924 Pater
1762 881 1818 926 et

83 951 251 1010 Filius
274 965 328 1018 et
359 951 597 1031 Spiritus
613 963 833 1009 sanctus
856 970 997 1008 unus
1015 952 1164 1007 Deus
1185 963 1300 1023 est,
1328 952 1554 1032 quando
1575 953 1816 1030 singula-

81 1040 213 1098 riter
239 1039 428 1098 intulit
453 1087 469 1112 ,
501 1039 662 1120 «Ipsi
693 1038 865 1115 gloria
899 1038 958 1096 in
986 1037 1187 1096 saecula
1213 1039 1562 1100 saeculorum.
1592 1067 1619 1094 ›>
1652 1042 1813 1101 Unde

81 1128 226 1186 enim
250 1128 424 1209 coepit
449 1128 604 1186 hunc
627 1148 842 1186 sensum
859 1173 874 1200 ,
901 1147 1016 1184 non
1039 1126 1114 1184 ait
1142 1148 1156 1184 ε
1191 1152 1215 1180 <<
1239 1127 1289 1185 Ο
1322 1127 1559 1186 altitudo
1584 1128 1815 1189 divitia-

82 1242 110 1270 »
137 1237 259 1275 rum
294 1216 574 1296 sapientiae
606 1229 660 1274 et
682 1214 968 1274 scientiae»
998 1215 1177 1273 Patris
1197 1261 1212 1281 ‚
1246 1228 1342 1274 aut
1371 1215 1531 1289 Filii,
1567 1231 1663 1275 aut
1686 1219 1817 1299 Spi-

82 1307 217 1364 ritus
246 1306 418 1365 sancti
440 1353 454 1378 ‚
481 1305 575 1364 sed
590 1353 606 1378 ‚
629 1305 973 1385 «Sapientiae
995 1317 1049 1362 et
1069 1305 1309 1363 scientiae
1333 1306 1469 1364 Dei!
1500 1306 1820 1386 Quamjins-

84 1419 112 1448 >2
144 1394 439 1453 crutabilia
462 1407 587 1453 sunt
614 1393 826 1470 judicia
854 1397 968 1469 ejus
987 1439 1002 1464 ‚
1032 1406 1085 1450 et
1107 1393 1508 1469 investigabiles
1536 1395 1641 1454 viae
1671 1398 1807 1471 ejus!

84 1508 112 1537 >³
139 1483 277 1555 Quis
298 1482 444 1541 enim
472 1481 731 1558 cognovit
762 1494 997 1539 mentem
1030 1481 1300 1539 Domini?
1340 1482 1452 1540 Aut
1484 1483 1607 1562 quis
1630 1485 1818 1542 consi-

4 1646 11 1649 -
83 1597 110 1624 »
143 1570 332 1629 liarius
351 1574 466 1646 ejus
489 1569 633 1628 fuit?
664 1569 776 1626 Aut
806 1568 930 1647 quis
953 1567 1106 1648 prior
1141 1567 1293 1625 dedit
1323 1568 1441 1641 illi,
1470 1583 1522 1627 et
1539 1572 1819 1630 retribue-
1875 1631 1880 1637 ,

83 1685 111 1713 »
144 1672 231 1717 tur
259 1659 349 1717 eii>
373 1657 649 1730 Quoniam
671 1677 732 1714 ex
752 1656 872 1735 ipso
894 1701 910 1726 ,
942 1667 995 1712 et
1022 1675 1123 1735 per
1152 1655 1358 1735 ipsum,
1387 1669 1440 1713 et
1460 1657 1519 1733 in
1543 1657 1664 1738 ipso
1688 1673 1819 1717 sunt

84 1772 112 1801 ))
142 1747 327 1805 omnia
357 1768 372 1803 ε
398 1745 505 1826 ipsi
533 1744 705 1821 gloria
724 1743 782 1802 in
805 1741 1005 1801 saecula
1035 1741 1383 1802 saeculorum.
1424 1745 1600 1803 Amen
1620 1743 1664 1805 4.
1703 1773 1730 1800 >2
1758 1747 1819 1806 Si

86 1848 268 1892 autem
291 1834 401 1892 hoc
437 1833 504 1892 de
539 1835 703 1891 Patre
724 1829 1112 1889 tantummodo
1140 1829 1373 1906 intelligi
1406 1830 1601 1891 volunt
1622 1879 1637 1901 ,
1675 1855 1823 1914 quo-

85 1922 251 1981 modo
287 1943 414 1998 ergo
437 1921 621 1980 omnia
645 1941 745 2002 per
768 1924 989 1978 Patrem
1018 1930 1176 1989 sunt,
1201 1918 1343 1976 sicut
1368 1918 1464 1977 hic
1494 1920 1701 1980 dicitur
1724 1947 1740 1992 ;
1764 1937 1819 1982 et

85 2011 270 2070 omnia
284 2032 385 2093 per
406 2011 608 2070 Filium
626 2057 642 2082 ‚
662 2010 804 2068 sicut
827 2007 898 2067 ad
922 2006 1240 2066 Corinthios
1268 2007 1367 2064 ubi
1395 2009 1472 2066 ait
1498 2031 1513 2066 ε
1540 2011 1653 2068 «Et
1674 2031 1815 2070 unus

85 2126 114 2154 »
135 2100 406 2158 Dominus
435 2099 590 2158 Jesus
619 2097 873 2157 Christus
891 2143 907 2169 ‚
940 2117 1041 2177 per
1069 2116 1234 2176 quem
1265 2096 1448 2153 omnia
1463 2095 1511 2168 2,
1539 2122 1566 2150 »
1594 2111 1648 2156 et
1669 2098 1811 2159 sicut

82 2187 142 2247 in
166 2187 461 2264 Evangelio
488 2186 710 2246 Joannis
726 2232 742 2258 ,
775 2184 1018 2243 «Omnia
1037 2204 1138 2264 per
1155 2183 1339 2262 ipsum
1369 2182 1515 2242 facta
1544 2199 1671 2243 sunt
1692 2185 1716 2224 ὅ
1739 2191 1811 2245 Ρ»

82 2275 143 2334 Si
167 2275 313 2334 enim
340 2274 444 2333 alia
475 2297 575 2357 per
596 2276 818 2333 Patrem
840 2319 856 2345 ,
890 2271 996 2330 alia
1022 2292 1123 2352 per
1149 2269 1350 2328 Filium
1367 2317 1382 2342 ‚
1406 2275 1527 2347 jam
1551 2294 1665 2332 non
1684 2295 1810 2333 om-

77 2364 170 2423 nia
193 2385 292 2445 per
325 2368 544 2422 Patrem
563 2409 580 2436 ,
616 2384 718 2422 nec
739 2361 923 2420 omnia
946 2381 1046 2440 per
1071 2358 1288 2419 Filium.
1323 2358 1382 2417 Si
1405 2373 1588 2441 autem
1616 2365 1803 2423 omnia

77 2473 178 2534 per
207 2454 437 2511 Patrem
455 2499 471 2524 ,
503 2465 558 2510 et
587 2451 771 2511 omnia
791 2471 892 2532 per
919 2449 1119 2508 Filium
1143 2495 1157 2519 ‚
1189 2447 1378 2506 eadem
1408 2470 1508 2530 per
1535 2453 1759 2511 Patrem
1785 2500 1802 2526 ,

78 2561 206 2622 quae
228 2562 327 2621 per
351 2540 570 2600 Filium.
599 2539 838 2621 AEqualis
865 2551 946 2597 est
965 2558 1091 2614 ergo
1114 2536 1267 2594 Patri
1291 2536 1485 2610 Filius,
1513 2552 1567 2597 et
1586 2539 1810 2621 insepa-

78 2627 266 2687 rabilis
299 2629 542 2710 operatio
563 2641 642 2687 est
674 2627 852 2686 Patris
873 2639 927 2684 et
942 2624 1243 2696 Filii.Quia
1273 2624 1317 2682 si
1340 2625 1428 2684 vel
1456 2626 1657 2692 Filium
1673 2628 1805 2688 fecit

79 2716 244 2775 Pater
268 2739 433 2798 quem
457 2739 568 2777 non
581 2717 712 2777 fecit
738 2718 854 2798 ipse
889 2715 1056 2775 Filius
1076 2760 1092 2786 ‚
1122 2735 1236 2771 non
1259 2714 1444 2773 omnia
1473 2737 1578 2796 per
1599 2717 1800 2779 Filium

79 2804 226 2864 facta
259 2819 388 2864 sunt
418 2828 433 2864 t
467 2820 521 2865 at
548 2805 732 2865 omnia
759 2826 860 2886 per
895 2803 1095 2862 Filium
1115 2800 1261 2860 facta
1287 2815 1414 2860 sunt
1445 2826 1460 2859 ε
1490 2804 1608 2884 ipse
1634 2806 1805 2884 igitur

81 2894 256 2954 factus
278 2916 390 2954 non
409 2909 488 2955 est
507 2909 568 2955 ut
582 2916 711 2955 cum
732 2896 896 2953 Patre
917 2892 1116 2952 faceret
1135 2891 1319 2950 omnia
1341 2912 1467 2972 quae
1489 2892 1635 2954 facta
1654 2910 1797 2959 sunt.

85 2983 418 3066 Quanquam
440 3005 541 3044 nec
562 2983 771 3064 abipso
791 2982 962 3044 verbo
983 2979 1213 3040 tacuerit
1228 2980 1521 3060 Apostolus
1532 3029 1549 3056 ‚
1576 2996 1630 3042 et
1653 3006 1813 3066 aper-

83 3074 286 3137 tissime
311 3077 535 3136 omnino
566 3074 761 3135 dixerit
794 3097 822 3157 εΔ
842 3101 869 3129 «
893 3075 1008 3148 Qui
1046 3094 1173 3133 cum
1198 3071 1258 3131 in
1288 3072 1389 3132 Dei
1425 3071 1599 3135 forma
1628 3091 1761 3139 esset
1787 3125 1804 3153 ‚

150 3184 299 3232 ¹Rom.
318 3202 379 3240 xx,
397 3189 556 3234 33-36.
576 3208 632 3223 --
653 3185 674 3219 ²
693 3201 712 3230 ι
738 3188 836 3234 Cor.
856 3200 954 3245 vm,
978 3187 1021 3232 6.
1035 3208 1094 3220 -
1114 3182 1133 3219 ³
1155 3188 1275 3230 Joan.
1293 3199 1326 3246 1²
1353 3187 1393 3228 3.

251 3288 485 3333 cxxxvn.
1537 3289 1556 3327 ι
1573 3270 1607 3328 3
