2144 3808
372 345 591 406 com-R'A
630 366 966 408 nummum
1010 365 1293 419 Amanum,
1342 370 1456 412 ΠΒ.
1507 373 1574 412 11.
1742 349 1853 412 153

132 474 159 501 >2
181 448 349 507 Filius
378 448 622 508 similiter
641 448 830 510 facit1.
861 477 889 504 >2
913 449 972 508 Si
997 463 1178 509 autem
1204 451 1280 509 ita
1304 449 1593 530 distinguis
1611 500 1626 526 ,
1659 468 1722 514 ut
1744 476 1860 513 non

131 537 240 594 sint
277 558 377 617 per
422 537 641 596 Patrem
682 538 902 610 omnia,
949 538 1042 597 sed
1071 560 1131 597 ex
1159 540 1359 609 Patre3
1395 562 1496 599 nec
1527 538 1710 600 omnia
1751 543 1860 600 sint

131 645 191 682 ex
214 624 349 682 Filio
366 671 380 697 ‚
407 625 500 707 sed
524 648 623 706 per
654 626 890 685 Filium:
914 627 1036 707 quis
1060 648 1251 686 eorum
1272 629 1378 687 tibi
1401 629 1620 689 videtur
1640 640 1749 687 es'se
1768 629 1861 687 ille

131 712 200 772 de
220 735 329 794 quo
367 714 514 773 idem
547 716 841 796 Apostolus
882 716 1018 775 dicit
1062 739 1077 774 ε
1126 743 1154 770 <‹
1183 717 1233 776 O
1268 717 1503 777 altitudo
1542 718 1861 779 divitiarum

131 827 159 855 »
188 802 467 883 sapientiae
494 817 548 862 et
574 805 813 863 scientiae
841 805 968 875 Dei,
998 825 1167 885 quam
1193 804 1574 865 inscrutabilia
1613 819 1740 865 sunt
1759 808 1859 881 ju-

132 917 158 943 »
188 890 333 950 dicia
372 896 485 971 ejus
506 938 519 962 ,
547 893 608 950 ¹et
637 892 1039 969 investigabiles
1062 894 1168 952 viae
1195 899 1311 970 ejus
1340 896 1353 954 l
1392 895 1530 968 Quis
1559 895 1703 954 enim
1727 915 1862 970 cog-

132 1004 158 1032 »
183 980 336 1038 novit
356 1002 570 1039 sensum
601 982 826 1039 Domini
854 1028 869 1052 ‚
900 994 992 1040 aut
1031 981 1153 1063 quis
1189 983 1531 1043 consiliarius
1562 987 1679 1060 ejus
1707 982 1859 1041 fuit?

130 1094 158 1123 υ
185 1070 295 1126 Aut
319 1068 439 1149 quis
461 1070 616 1150 prior
647 1069 803 1128 dedit
840 1071 961 1142 ills,
1002 1084 1056 1128 et
1083 1071 1421 1130 retribuetur
1447 1073 1538 1132 ei?
1583 1071 1859 1145 Quoniam

132 1181 158 1208 »
189 1177 249 1214 ex
278 1156 398 1237 ipso
420 1171 472 1215 et
490 1180 590 1238 per
610 1158 789 1239 ipsum
820 1160 959 1217 etin
980 1158 1101 1239 ipso
1131 1173 1258 1218 sunt
1286 1160 1468 1219 omnia
1508 1182 1522 1217 ε
1561 1160 1668 1241 ipsi
1690 1158 1862 1235 gloria

126 1270 153 1297 >2
186 1244 245 1302 in
279 1246 478 1304 saecula
497 1246 843 1306 saeculorum.
872 1248 1136 1307 Amen2.»
1151 1249 1354 1306 Utrum
1370 1249 1532 1308 Pater
1558 1261 1637 1307 est
1658 1246 1867 1306 intelli-

128 1332 355 1409 gendae,
377 1356 446 1391 an
466 1335 659 1393 Filius
646 1339 670 1383 ἶ)
688 1338 867 1394 Deum
888 1357 1125 1417 namque
1144 1336 1299 1417 prius
1316 1338 1645 1408 nominavit,
1653 1335 1860 1394 dicens:

130 1448 156 1475 ε(
187 1423 236 1481 Ο
257 1423 488 1482 altitudo
512 1424 829 1483 divitiarum
853 1426 1134 1505 sapientiae
1150 1439 1204 1483 et
1221 1427 1460 1485 scientiae
1478 1427 1581 1485 Dei
1600 1427 1651 1484 ἱ»
1674 1428 1869 1483 Postea

129 1531 256 1568 vero
279 1533 402 1568 eum
419 1513 719 1571 Dominum
743 1513 1063 1593 appellavit,
1091 1513 1226 1571 ubi
1214 1514 1328 1573 ait·
1355 1540 1381 1569 t(
1401 1514 1541 1587 Quis
1565 1514 1710 1572 enim
1732 1533 1868 1588 cog-

131 1624 158 1650 »
179 1599 333 1657 novit
353 1621 567 1658 sensum
594 1602 853 1660 Domini?
886 1629 913 1655 >2
945 1602 1053 1660 Sed
1075 1602 1185 1660 hoc
1217 1624 1329 1660 non
1348 1603 1521 1661 habet
1546 1617 1868 1661 controver-

131 1687 264 1745 siam
293 1710 307 1745 ε
338 1702 629 1770 utrumque
650 1690 795 1748 enim
820 1712 1022 1749 nomen
1043 1692 1207 1749 etiam
1235 1713 1331 1751 vos
1360 1704 1413 1750 et
1441 1691 1594 1749 Patri
1624 1691 1867 1767 assigna-

131 1776 201 1833 tis
223 1790 277 1834 et
300 1776 454 1836 Filio.
496 1778 685 1857 Neque
709 1779 854 1836 enim
884 1779 961 1837 sic
983 1778 1166 1837 dicitis
1189 1781 1371 1838 Deum
1393 1780 1611 1837 Patrem
1642 1826 1657 1851 ,
1694 1792 1757 1836 ut
1775 1798 1868 1836 ne-

134 1864 266 1939 getis
289 1885 398 1922 esse
424 1865 602 1923 Deum
629 1867 829 1925 Filium
853 1892 868 1935 3
908 1880 1003 1926 aut
1028 1867 1104 1926 sic
1127 1867 1311 1926 dicitis
1334 1869 1511 1926 Deum
1544 1866 1743 1926 Filium
1767 1913 1782 1939 ,
1808 1877 1871 1924 ut

135 1952 340 2027 negetis
372 1974 480 2011 esse
513 1955 692 2013 Deum
719 1956 956 2015 Patrem.
1005 1956 1276 2027 Quamvis
1306 1956 1364 2015 in
1396 1956 1508 2015 hoc
1553 1954 1875 2037 Apostolico

137 2042 443 2101 testimonio
471 2045 622 2125 quod
658 2045 993 2116 adhibuisti,
1019 2047 1165 2105 Deus
1194 2045 1414 2105 dicatur
1444 2051 1605 2105 Pater
1625 2092 1640 2117 ‚
1666 2044 1869 2103 Domi—

137 2152 240 2188 nus
268 2130 436 2190 Filius
456 2179 470 2204 ‚
499 2133 553 2191 id
579 2148 657 2201 est
678 2181 693 2204 ‚
730 2162 757 2188 ε(
789 2136 937 2194 Unus
966 2137 1112 2194 Deus
1144 2140 1328 2207 Pater,
1356 2157 1417 2193 ex
1442 2153 1554 2215 quo
1582 2133 1788 2202 omnia,
1821 2145 1875 2189 et

138 2246 164 2273 >2
193 2241 333 2278 unus
361 2221 629 2281 Dominus
647 2228 796 2282 Jesus
830 2224 1082 2282 Christus
1103 2271 1119 2295 ‚
1152 2246 1253 2305 per
1283 2245 1453 2305 quem·
1472 2223 1673 2282 omnia.
1704 2248 1732 2275 ›>
1765 2220 1872 2280 Sed

139 2306 279 2365 illud
318 2309 534 2367 attende
572 2311 672 2369 ubi
713 2311 925 2370 dietum
964 2325 1078 2383 est,
1119 2339 1146 2366 c<
1173 2313 1223 2370 Ο
1276 2311 1511 2370 altitudo
1557 2310 1877 2368 divitiarum

150 2419 177 2447 ³>
211 2395 493 2475 sapientiae
522 2409 577 2454 et
615 2397 855 2457 scientiae
883 2399 983 2457 Dei
1008 2400 1021 2458 l
1045 2425 1071 2453 >2
1119 2400 1260 2458 Nam
1303 2399 1415 2458 sive
1452 2402 1613 2457 Pater
1636 2397 1705 2455 sit
1733 2396 1862 2468 iste,

142 2482 252 2541 sive
279 2483 449 2542 Filius
472 2531 487 2556 ,
520 2506 580 2543 ex
606 2486 727 2566 ipso
775 2500 828 2544 et
875 2508 975 2568 per
1014 2487 1200 2568 ipsum
1244 2500 1300 2545 et
1347 2488 1405 2545 in
1435 2487 1557 2567 ipso
1590 2498 1718 2544 sunt
1750 2505 1876 2543 om-

141 2570 252 2630 nia.
288 2570 582 2642 Quomodo
621 2594 747 2649 ergo
795 2595 857 2632 ex
900 2575 1066 2632 Patre
1108 2574 1328 2646 omnia,
1368 2595 1481 2632 nou
1515 2594 1575 2631 ex
1613 2572 1785 2639 Filio;
1827 2583 1881 2628 et

143 2681 242 2740 per
295 2660 493 2719 Filium
543 2664 726 2722 omnia
744 2711 758 2735 ‚
808 2685 919 2722 non
949 2686 1048 2745 per
1093 2666 1311 2722 Patrem
1358 2685 1372 2720 ε
1425 2659 1877 2743 quandoquidem

145 2747 446 2829 quemlibet
480 2772 667 2810 eorum
705 2752 998 2833 Apostolus
1032 2752 1266 2812 voluerit
1303 2750 1413 2809 hoc
1441 2750 1566 2808 loco
1597 2748 1872 2824 intelligi.

148 2863 173 2889 <‹
198 2837 312 2894 Ex
299 2859 440 2935 ¹P⁵⁰3
471 2838 686 2919 inquit,
716 2854 769 2898 et
794 2863 895 2922 per
919 2842 1104 2921 ipsum
1126 2853 1179 2898 et
1194 2840 1255 2898 in
1256 2838 1393 2938 ipso
1417 2849 1544 2896 sunt
1567 2835 1748 2894 omnia
1765 2835 1788 2872 ³
1807 2838 1832 2894 ἱ)
1851 2860 1878 2887 »

148 2924 207 2982 Si
238 2946 364 3001 ergo
395 2925 503 2983 sive
528 2926 596 2984 de
627 2930 789 2987 Patre
810 2930 919 2988 sive
943 2928 1012 2987 de
1039 2928 1218 3000 Filio,
1256 2923 1534 2986 verissime
1571 2937 1751 2982 tamen
1781 2922 1876 2981 di-

151 3014 316 3083 citur,
351 3014 501 3093 quod
524 3036 583 3072 ex
606 3016 726 3095 ipso
747 3030 800 3074 et
822 3039 920 3097 pei
939 3018 1159 3098 ipsum,
1192 3029 1247 3074 et
1268 3016 1326 3073 in
1357 3016 1478 3096 ipso
1503 3026 1630 3071 sunt
1659 3012 1842 3071 omnia
1859 3058 1874 3084 ,

151 3100 264 3159 sine
283 3101 457 3159 dubio
475 3103 652 3161 Patris
667 3116 719 3160 et
741 3105 863 3162 Filii
882 3105 1287 3163 demonstratur
1304 3103 1604 3183 aequalitas,
1625 3101 1682 3160 Si
1702 3113 1881 3158 autem

155 3190 414 3268 quoniam
464 3213 575 3249 11011
621 3193 927 3251 nominavit
958 3195 1176 3252 Patrem
1205 3207 1259 3252 et
1285 3192 1485 3251 Filium
1515 3204 1567 3249 et
1606 3189 1877 3270 Spiritum

218 3295 229 3322 ¹
253 3298 371 3337 Joan.
392 3309 427 3346 v,
454 3311 518 3348 19·
541 3318 599 3327 —-
620 3294 640 3324 2
664 3300 777 3338 Rom.
804 3311 861 3346 M,
886 3299 1033 3341 33-36.
1049 3320 1106 3328 -
1126 3294 1145 3326 3
1171 3294 1276 3341 tbid.
1298 3298 1366 3337 26.
