2144 3808
295 317 412 375 320
657 339 659 341 >
811 333 854 371 s.
908 327 1216 372 Ancusrlm
1261 332 1514 373 Eriscom

292 417 461 476 fidem
481 414 645 474 rebus
669 413 1045 496 temporaliter
1071 417 1229 493 gestis
1249 430 1478 498 propter
1498 437 1596 474 nos
1616 463 1628 490 ‚
1653 429 1706 475 et
1722 437 1823 499 per
1849 417 2031 498 ipsam

286 505 645 578 mundamur,
681 517 744 564 ut
770 525 899 563 cum
921 503 992 562 ad
1011 505 1250 585 speciem
1279 507 1585 565 venerimus
1604 552 1619 578 ,
1653 506 2024 587 quemadmo-

289 595 427 654 dum
457 593 701 654 succedit
722 591 853 652 fidei
875 593 1070 654 veritas
1091 639 1105 665 ‚
1132 593 1210 652 ita
1239 593 1563 653 mortalitati
1583 595 1846 654 succedat
1871 600 2030 656 aeterss

287 684 530 744 ternitaS.
576 684 935 763 Quapropter
970 682 1234 764 quoniam
1274 682 1408 741 fides
1448 695 1635 741 nostra
1666 686 1760 743 fiet
1787 686 1987 746 veritas
2009 734 2026 760 ‚

288 796 418 834 cum
450 773 520 833 ad
541 773 602 833 id
638 772 791 854 quod
815 772 975 831 nobis
1003 772 1355 832 credentibus
1382 773 1732 855 promittitur
1761 797 2031 856 pervene-

285 876 459 931 rimus
493 887 508 923 :
557 862 906 946 promittitur
952 877 1134 921 autem
1172 862 1332 921 nobis
1361 863 1475 922 vita
1512 877 1755 934 aeterna3
1805 878 1859 923 et
1897 864 2032 923 dixit

287 953 500 1013 Veritas
519 1000 533 1025 ,
577 974 692 1011 non
719 972 847 1032 quae
880 952 975 1009 fiet
1000 952 1144 1009 sicut
1170 950 1360 1010 futura
1385 965 1463 1010 est
1494 952 1629 1011 fides
1657 966 1839 1012 nostra
1865 1001 1880 1026 ,
1936 953 2030 1013 sed

286 1063 414 1123 quae
441 1054 656 1122 semper
682 1053 760 1098 est
776 1039 1008 1110 VeritaS,
1037 1039 1170 1119 quia
1196 1039 1279 1097 ibi
1302 1053 1381 1098 est
1405 1042 1715 1110 aeternitas3
1743 1041 1880 1101 dixit
1904 1065 2029 1120 ergo

286 1130 498 1189 Veritas
526 1150 542 1187 ε
571 1153 599 1182 (ε
617 1128 755 1187 Haec
784 1140 862 1185 est
905 1139 1087 1185 autem
1114 1127 1230 1186 vita
1255 1140 1459 1187 aeterna
1476 1175 1492 1201 ,
1528 1143 1589 1188 ut
1616 1145 1950 1207 cognoscant
1978 1145 2030 1191 te

286 1245 315 1272 >³
343 1239 518 1276 unum
534 1237 727 1278 verum
744 1217 948 1287 Deum,
972 1228 1025 1274 et
1040 1236 1206 1297 quern
1222 1215 1415 1274 misisti
1432 1217 1465 1274 J
1469 1239 1620 1278 esum
1644 1219 1931 1279 Christum
1945 1219 2028 1278 1:›>

285 1322 416 1367 cum
440 1307 575 1367 fides
595 1319 782 1365 nostra
803 1304 1046 1366 videndo
1076 1307 1170 1365 fiet
1196 1306 1423 1379 veritaS‚
1465 1312 1605 1367 tunc'
1631 1308 2021 1368 mortalitatem

284 1412 528 1457 nostram
549 1408 947 1456 commutatam
976 1396 1184 1455 tenebit
1200 1398 1490 1458 aeternitas,
1518 1399 1686 1471 Quod
1708 1399 1883 1458 donec
1906 1401 2022 1473 fiat,

284 1501 339 1546 et
369 1500 432 1546 ut
458 1487 558 1544 fiat
578 1531 593 1557 ,
641 1485 773 1565 quia
825 1484 991 1543 rebus
1026 1485 1158 1543 ortis
1192 1486 1676 1566 accommodamus
1715 1488 1882 1547 fidem
1913 1509 2028 1547 cre-

284 1575 566 1647 dulitau'S,
606 1574 747 1632 sicut
790 1573 851 1631 in
901 1574 1117 1632 aeternis
1146 1595 1428 1655 speramus
1467 1576 1745 1636 veritatem
1786 1589 2028 1636 contem-

278 1666 538 1748 plationis
556 1711 571 1737 ,
619 1686 689 1723 ne
730 1662 867 1722 fides
917 1663 1164 1722 mortalis
1211 1664 1342 1724 vitae
1384 1665 1684 1725 dissonaret
1721 1689 1750 1724 a
1800 1667 2028 1726 veritate

282 1768 505 1814 aeternae
530 1753 692 1826 vitae,
721 1753 842 1834 ipsa
858 1752 1068 1811 Veritas
1110 1753 1262 1812 Patri
1308 1767 1580 1814 coaeterna
1631 1756 1699 1814 de
1730 1768 1871 1814 terra
1906 1770 2025 1814 orta

279 1846 423 1917 est2‚
467 1865 596 1903 cum
639 1842 803 1900 Filius
832 1842 934 1899 Dei
967 1842 1045 1900 sic
1086 1843 1236 1902 venit
1266 1856 1329 1902 ut
1350 1844 1505 1903 fieret
1544 1844 1689 1904 filius
1735 1844 1981 1904 hominis
2006 1891 2021 1916 ,

279 1947 333 1992 et
367 1935 485 2015 ipse
528 1932 587 1991 in
625 1952 679 1989 se
723 1930 995 2010 exciperet
1043 1929 1209 1988 fidem
1262 1946 1506 1990 nostram
1533 1977 1547 2006 ,
1595 1955 1705 2015 qua
1748 1951 1853 1992 nos
1891 1955 2026 2015 per-

278 2021 505 2082 duceret
539 2020 609 2079 ad
640 2019 926 2081 veritatem
951 2039 1107 2076 suam
1135 2019 1232 2100 qui
1262 2020 1338 2078 sic
1368 2022 1607 2102 suscepit
1635 2022 2025 2081 mortalitatem

276 2124 519 2170 nostram
539 2156 553 2182 ,
591 2121 655 2167 ut
713 2129 825 2166 non
873 2107 1148 2166 amitteret
1190 2108 1551 2167 aeternitatem
1595 2131 1767 2171 suam.
1823 2112 2024 2184 Quan-

276 2212 396 2258 tum
427 2197 577 2258 enim
603 2195 672 2255 ad
695 2195 755 2255 id
787 2194 942 2277 quod
970 2191 1156 2254 ortum
1184 2187 1264 2254 est
1292 2197 1566 2255 aeternitas
1594 2197 1741 2258 valet
1757 2245 1773 2273 ,
1808 2211 2023 2258 tantum

277 2288 347 2347 ad
371 2287 538 2347 fidem
564 2285 782 2346 veritas,
819 2285 905 2342 Ita
927 2305 1054 2360 ergo
1090 2306 1188 2342 nos
1221 2286 1451 2366 purgari
1485 2287 1813 2369 oportebat,
1849 2301 1912 2346 ut
1933 2287 2024 2347 ille

274 2378 445 2444 nobis
466 2378 619 2436 fieret
642 2387 793 2433 ortus
820 2373 919 2454 qui
944 2388 1188 2433 maneret
1212 2389 1446 2434 aeternus
1466 2391 1482 2448 ,’
1506 2397 1574 2434 ne
1598 2375 1732 2434 alter
1755 2377 2021 2435 nobis‘es-

182 2458 186 2463 ’
273 2480 354 2524 set
371 2467 430 2524 in
455 2465 564 2524 fide
587 2511 602 2537 ,
637 2464 770 2524 alter
796 2463 856 2521 in
885 2463 1131 2524 veritate.
1183 2465 1297 2522 Nec
1328 2465 1401 2523 ab
1432 2486 1494 2522 eo
1524 2464 1677 2546 quod
1700 2465 1808 2523 orti
1833 2485 2021 2524 sumus

271 2554 344 2614 ad
366 2567 570 2613 aeterna
600 2552 828 2611 transire
847 2572 1129 2632 possemus
1149 2598 1164 2623 ,
1201 2553 1306 2610 nisi
1329 2565 1534 2611 aeterno
1553 2574 1655 2633 per
1685 2565 1871 2611 ortum
1895 2575 2019 2612 nos-

269 2642 356 2701 bis
384 2642 591 2702 sociato
615 2641 686 2700 ad
710 2641 1072 2699 aeternitatem
1099 2641 1273 2721 ipsius
1294 2641 1693 2716 traJiceremur.
1734 2642 1896 2701 Nunc
1920 2643 2020 2700 ita-

268 2751 375 2811 que
397 2730 532 2790 illuc
558 2729 803 2811 quodam
835 2728 1011 2805 modo*
1041 2741 1225 2787 secuta
1254 2741 1334 2786 est
1365 2728 1500 2787 fides
1522 2742 1706 2787 nostra
1725 2776 1741 2803 ,
1771 2751 1884 2812 quo
1928 2751 2017 2789 as-

266 2819 451 2877 cendit
473 2819 532 2877 in
560 2819 725 2899 quem
761 2817 1131 2889 credidimus,
1171 2829 1358 2888 ortuS‚
1395 2829 1679 2892 mortum,
1718 2819 2016 2877 resuscita-

266 2918 356 2964 tus
375 2952 390 2978 ‚
430 2919 759 2986 assumptus,
795 2906 1013 2963 Horum
1035 2916 1298 2986 quatuor,
1333 2903 1447 2963 duo
1474 2906 1663 2986 priora
1686 2927 2013 2967 noveramus

262 2994 322 3052 in
351 2994 541 3062 nobis;
588 2994 788 3052 scimus
838 2995 984 3052 enim
1023 2994 1277 3051 homines
1326 3006 1379 3051 et
1409 2995 1542 3052 oriri
1571 3008 1625 3053 et
1656 2995 1796 3053 mori
1841 3017 1856 3053 ι
1900 2994 2012 3053 duo

264 3098 447 3142 autem
478 3082 780 3162 reliqua,id
799 3095 898 3152 est,
931 3082 1240 3140 resuscitari
1271 3096 1325 3140 et
1343 3083 1576 3156 assumi,
1603 3088 1748 3159 juste
1772 3084 1830 3142 in
1851 3083 2012 3142 nobis

262 3171 450 3231 futura
473 3192 776 3251 speramUS,
807 3171 936 3250 quia
957 3170 1017 3227 in
1044 3170 1139 3229 illo
1159 3171 1306 3230 facta
1337 3171 1691 3233 credidimus,
1732 3173 1927 3252 Itaque
1949 3172 2008 3230 in

322 3276 336 3307 ¹
356 3280 475 3319 Joan.
496 3287 604 3332 xm,
632 3277 670 3320 3.
695 3297 745 3336 .'·'
766 3272 787 3303 2
808 3274 910 3316 Psal.
933 3288 1106 3332 Lxxxxv,
1133 3290 1200 3320 12.
