2144 3808
580 322 652 363 1111
693 319 1014 375 'rammi-E,
1063 322 1174 362 mn.
1224 326 1293 366 11.
1699 316 1809 386 241

95 400 346 469 «Audivi
373 400 563 469 vocem
596 402 750 463 tuam
771 448 786 474 ‚
822 415 876 460 et
899 403 1165 463 abscondi
1192 426 1280 463 me
1305 419 1334 464 a
1355 405 1496 468 facie
1521 424 1613 471 tua
1631 461 1647 486 ,
1678 436 1817 498 quof

95 498 289 555 »niam
317 495 497 555 nudus
526 491 751 552 sum1.»
792 491 1088 564 Quomodo
1115 493 1261 552 enim
1291 497 1465 575 possit
1489 499 1557 558 ad
1582 502 1817 565 litteram

94 585 322 661 intelligi
342 584 460 643 talis
475 584 584 642 Dei
605 580 980 640 deambulatio
1009 593 1063 639 et
1082 581 1378 642 collocutio
1395 631 1412 657 ,
1441 586 1544 645 nisi
1564 590 1622 647 in
1639 594 1818 671 specie

0 680 4 683 ’
92 674 370 746 humana,
407 695 517 732 non
544 671 723 731 video,
762 670 950 752 Neque
981 670 1127 728 enim
1161 671 1273 730 dici
1299 686 1481 753 potest
1507 697 1698 738 vocem
1726 702 1818 739 so-

88 756 209 823 lam·
230 763 433 822 factam
471 762 571 820 ubi
598 758 975 819 deambulasse
1003 758 1183 818 dictus
1222 774 1302 819 est
1345 763 1493 823 Deus
1514 811 1530 838 ‚
1564 781 1817 827 aut-eum

91 853 190 934 qui
221 850 616 911 deambulabat
639 851 699 908 in
733 847 857 907 loco
885 848 1001 905 non
1037 847 1199 907 fuisse
1235 851 1542 927 visibilem,
1593 867 1722 915 cum
1767 871 1826 916 et

91 941 270 1001 Adam
299 941 448 999 dicat
474 937 624 1020 quod
648 959 702 997 se
729 936 1078 996 absconderit
1116 960 1147 996 a
1173 937 1312 997 facie
1352 941 1473 1001 Dei.
1520 943 1660 1016 Quis
1707 961 1823 1005 erat

87 1050 217 1106 ergo
244 1028 335 1088 ille
353 1076 368 1101 ,
398 1041 585 1087 utrum
615 1027 802 1098 Pater,
840 1046 910 1083 an
944 1024 1145 1098 Filius,
1180 1049 1250 1084 an
1277 1027 1516 1108 Spiritus
1548 1046 1768 1093 sanctus
1795 1039 1820 1095 9

16 1162 19 1166 -
88 1119 176 1176 'An
203 1112 427 1176 omnino
459 1117 606 1174 Deus
638 1114 928 1174 indiscrete
962 1113 1079 1195 ipse
1108 1115 1346 1174 Trinitas
1373 1164 1389 1190 ‚
1423 1118 1482 1176 in
1512 1118 1688 1180 forma
1710 1123 1821 1183 ho-

87 1206 252 1266 minis
276 1201 494 1264 homini
515 1205 890 1286 loquebatur?
918 1203 1457 1285 Contextio'quidem
1481 1208 1600 1288 ipsa
1625 1211 1825 1294 Scrip-

85 1308 229 1354 turae
254 1315 526 1376 nusquam
552 1293 783 1353 transire
819 1292 1050 1351 sentitur
1079 1316 1110 1351 a
1136 1315 1369 1374 persona
1398 1295 1467 1371 ad
1492 1318 1781 1377 personam
1807 1325 1822 1361 ε

85 1383 181 1442 sed
201 1384 293 1443 ille
323 1384 547 1443 videtur
567 1382 722 1463 loqui
752 1381 825 1440 ad
853 1382 1098 1461 primum
1129 1382 1413 1441 hominem
1434 1386 1531 1466 qui
1557 1386 1782 1448 dicebat
1806 1413 1822 1449 t

86 1473 210 1531 Fiat
240 1473 360 1544 lux,
391 1485 446 1530 et
480 1473 581 1531 fiat
609 1468 1081 1541 firmamentuml,
1114 1497 1139 1524 ›>
1165 1484 1220 1528 et
1242 1485 1440 1531 caetera
1463 1497 1564 1554 per
1585 1475 1705 1535 illos
1727 1479 1831 1537 sin-

87 1561 244 1636 gulos
272 1561 419 1631 dies,
453 1580 620 1640 quem
654 1560 834 1616 Deum
866 1559 1089 1615 Patrem
1127 1559 1363 1617 solemus
1400 1563 1682 1643 accipere,
1735 1566 1831 1625 di..

84 1661 299 1706 centem
343 1644 843 1727 ut'fiatquidquid
871 1645 1049 1704 facere
1081 1646 1277 1708 voluit.
1320 1648 1526 1708 Omnia
1557 1654 1701 1711 enim
1730 1677 1832 1735 per

85 1733 334 1796 Verbum
360 1756 522 1794 suum
548 1734 689 1793 vfecit
709 1781 724 1806 ,
761 1733 916 1815 quod
945 1734 1192 1793 Verbum
1223 1739 1340 1812 ejus
1371 1737 1598 1798 unicum
1625 1743 1831 1810 Filium

85 1828 201 1901 ejus
241 1823 544 1883 secundum
572 1821 942 1881 rectam'fidei
980 1821 1228 1899 regulam
1267 1826 1543 1886 novimus,
1598 1828 1658 1887 Si
1704 1852 1832 1908 ergo

86 1914 234 1971 Deus
246 1915 409 1971 Pater
422 1913 642 1971 locutus
659 1924 737 1970 est
759 1910 830 1969 ad
842 1910 1088 1991 primum
1106 1911 1413 1985 hominem,
1433 1928 1486 1972 et
1501 1916 1619 1995 ipse
1641 1918 1825 1978 deam—

83 1999 319 2059 bulabat
341 2001 401 2056 in
429 1999 684 2079 paradiso
729 1998 800 2059 ad
837 2020 1149 2079 vesperam,
1177 2012 1233 2058 et
1266 2001 1336 2058 ab
1369 2005 1484 2076 ejus
1510 2004 1653 2063 facie.
1678 2029 1732 2065 se
1768 2009 1826 2067 in

84 2087 268 2146 medio
292 2087 428 2163 ligni
451 2085 692 2168 paradisi
712 2098 979 2166 peccator
1003 2086 1368 2147 absconderat
1405 2111 1420 2148 ε
1449 2111 1550 2149 cur
1572 2097 1825 2169 jamnon

76 2173 201 2257 ⁹ipse
222 2174 560 2252 intelligatur
588 2174 907 2255 apparuisse
938 2174 1182 2234 Abrahae
1210 2188 1265 2232 et
1296 2178 1505 2257 Moysi,
1541 2193 1595 2238 et
1616 2183 1822 2262 quibus

85 2264 283 2337 voluit,
305 2277 359 2323 et
378 2262 849 2345 quemadmodum
869 2261 1068 2333 voluit,
1093 2283 1194 2342 per
1213 2264 1519 2341 subjectam
1542 2269 1650 2328 sibi
1672 2293 1822 2331 com-

84 2353 410 2413 mutabilem
434 2364 594 2432 atque
621 2349 897 2410 visibilem
919 2363 1229 2410 creaturam
1248 2398 1263 2424 ‚
1305 2356 1570 2436 cumipse
1611 2359 1670 2416 in
1697 2360 1818 2440 ipso

85 2455 249 2523 atque
271 2442 330 2500 in
346 2438 655 2499 substantia
679 2458 775 2497 sua
804 2459 914 2519 qua
937 2450 1016 2497 est
1043 2438 1518 2504 incommutabilis
1545 2460 1708 2530 atque
1726 2451 1819 2510 in—

83 2530 312 2592 visibilis
331 2541 550 2587 maneat
569 2531 594 2588 1³
625 2526 734 2586 Sed
763 2528 882 2587 fieri
901 2528 1088 2608 potuit
1107 2576 1123 2602 ,
1154 2539 1268 2589 ut'a
1286 2554 1517 2612 persona
1536 2536 1606 2596 ad
1628 2561 1814 2619 perso-

82 2640 212 2677 nam
241 2618 455 2678 occulte
481 2616 770 2697 Scriptura
798 2617 1055 2676 transiret
1075 2664 1092 2691 ,
1131 2632 1187 2677 et
1213 2640 1341 2678 cum
1373 2622 1593 2683 Patrem
1622 2626 1812 2687 dixisse

83 2717 351 2765 narrasset
366 2750 380 2775 ‚
409 2729 435 2756 α
457 2705 580 2761 Fiat
602 2704 694 2763 lux
714 2751 728 2776 ,
751 2730 778 2760 2>
807 2718 860 2763 et
881 2717 1079 2772 caetera
1100 2728 1226 2787 quae
1246 2728 1345 2788 per
1358 2709 1604 2769 Verbum
1624 2712 1811 2774 fecisse

83 2804 567 2864 commemoratur,
592 2794 708 2867 jam
741 2791 945 2850 Filium
974 2792 1240 2852 indicaret
1264 2794 1421 2876 loqui
1451 2798 1520 2858 ad
1562 2806 1812 2882 primum

82 2881 395 2951 hominem,
425 2901 539 2938 non
567 2892 751 2959 aperte
781 2880 893 2941 hoc
912 2881 1186 2963 explicans
1203 2929 1218 2955 ,
1242 2884 1338 2944 sed
1363 2886 1438 2946 eis
1465 2890 1564 2970 qui
1589 2908 1812 2972 possent

81 2969 495 3047 intelligendum
506 2968 782 3030 intimans,
898 3026 900 3029 .

74 3091 78 3094 ·
166 3062 375 3120 XVIII.
430 3058 540 3131 Qui
575 3078 707 3133 ergo
737 3057 909 3118 habet
937 3060 1113 3135 vireS,
1152 3062 1357 3143 quibus
1390 3063 1502 3125 hoc
1538 3084 1805 3132 secretum

83 3148 257 3232 possit
281 3147 478 3206 mentis
513 3145 626 3228 acie
651 3157 962 3228 penetrare,
991 3163 1054 3210 ut
1087 3151 1138 3211 ei
1176 3151 1391 3235 liquido
1424 3163 1689 3238 appareat
1718 3163 1805 3222 vel

147 3252 163 3285 ¹
184 3256 290 3297 Gen».
313 3267 355 3309 x,
377 3255 421 3298 3.
530 3287 532 3290 ,
608 3280 611 3283 -
962 3267 964 3270 ·
1100 3304 1102 3306 ,
1574 3286 1579 3291 .
1678 3275 1682 3280 ‚

290 3338 541 3384 cxxxvu.
1581 3331 1650 3387 16
