2144 3808
297 344 316 382 1
332 322 407 382 52
832 341 879 380 5.
931 315 1238 379 Aneusrml
1268 337 1538 381 ‚Erlscorl

289 423 516 505 quando
544 422 887 485 convinceris
911 444 1023 481 non
1044 423 1146 482 vis,>
1173 423 1233 481 Si
1255 423 1400 482 enim
1428 444 1541 481 non
1564 421 1708 481 Deus
1736 421 1975 482 Trinitas
2002 471 2017 496 ,

290 512 386 572 sed
411 515 576 573 Pater
595 526 814 572 tantum
842 512 978 570 dixit
1005 534 1020 568 ε
1053 538 1080 565 (ε
1104 513 1220 587 Ego
1250 533 1371 570 sum
1395 512 1662 572 Dominus
1683 559 1697 585 ,
1731 525 1784 570 et
1813 534 1924 571 non
1945 526 2028 588 est

290 629 319 657 ))
355 593 492 660 alius
508 616 709 683 praeter
736 622 822 659 me
845 623 860 658 ε
885 627 911 654 »
933 599 1133 681 procul
1153 600 1327 659 dubio
1350 603 1568 678 negavit
1589 624 1698 661 esse
1719 603 2023 661 Dominum

290 690 525 759 Filium;
559 690 824 771 quoniam
850 689 894 748 si
920 689 1188 748 Dominus
1217 702 1296 748 est
1326 703 1379 748 et
1405 689 1572 749 Filius
1593 738 1608 763 ,
1649 691 1783 751 falso
1812 693 2023 752 dictum

290 793 370 838 est
400 802 413 836 :
440 806 466 833 c<
482 779 609 837 Non
629 793 710 838 est
734 779 871 838 alius
907 779 1176 837 Dominus
1202 792 1407 860 praeter
1422 801 1566 839 me.»
1591 781 1717 839 Non
1739 782 1882 841 enim
1907 782 2026 859 agi-

290 883 384 927 tur
408 868 478 932 de
505 869 777 942 Domino,
822 869 1009 951 quales
1038 883 1167 927 sunt
1198 869 1450 928 homines
1486 869 1695 929 domini
1732 871 2026 930 hominum

292 979 604 1030 servorum,
647 980 786 1041 quos
832 957 1126 1040 Apostolus
1170 959 1474 1018 secundum
1515 981 1734 1019 carnem
1777 961 2027 1019 dominos

291 1067 403 1104 esse
435 1044 612 1104 dicit1
647 1069 661 1104 ι
690 1046 782 1105 sed
810 1045 878 1105 de
907 1047 1146 1106 Domino
1179 1048 1380 1124 agitur,
1421 1048 1512 1107 cui
1554 1050 1783 1109 servitus
1809 1048 1903 1107 illa
1928 1047 2028 1107 de-

290 1135 479 1207 betur,
510 1157 636 1215 quae
660 1157 835 1212 graece
858 1140 1036 1204 λατρεία
1056 1136 1284 1209 dieitur,
1311 1137 1612 1196 secundum
1631 1159 1795 1218 quam
1816 1136 2028 1196 dictum

293 1238 402 1282 est:
426 1225 767 1283 «Dominum
786 1227 963 1284 Deum
983 1239 1142 1284 tuum
1158 1225 1435 1300 adorabis,
1456 1239 1508 1284 et
1526 1225 1607 1284 illi
1626 1226 1726 1285 soli
1744 1227 2027 1286 servies2.»

297 1312 411 1385 Qui
434 1315 701 1371 Dominus
724 1314 870 1372 Deus
898 1315 943 1372 si
963 1336 1076 1372 non
1108 1314 1380 1386 Trinitas,
1411 1314 1504 1372 sed
1537 1314 1681 1372 solus
1709 1328 1788 1372 est
1815 1317 1984 1374 Pater
2012 1336 2026 1371 z

293 1401 666 1482 prohibemur
694 1403 885 1483 utique
909 1403 1150 1461 Domino
1171 1403 1395 1461 Christo
1416 1402 1513 1462 tali
1533 1404 1791 1463 servitute
1809 1403 2028 1474 servire,

294 1490 355 1549 in
375 1512 437 1548 eo
465 1489 617 1569 quod
644 1490 897 1550 audimus
925 1514 939 1549 ε
966 1491 1093 1550 «1111
1113 1490 1212 1551 5011
1234 1493 1428 1552 servies
1451 1518 1464 1562 3
1485 1519 1510 1545 >2
1533 1493 1576 1550 si
1600 1493 1674 1551 ita
1693 1492 1906 1551 dictum
1930 1504 2031 1562 est,

300 1600 365 1638 ac
395 1579 438 1636 si
459 1578 738 1638 diceretur
772 1603 786 1638 ε
825 1582 941 1639 Deo
973 1581 1126 1639 Patri
1156 1581 1255 1640 soli
1285 1582 1497 1641 servies,
1548 1582 1658 1653 Qui
1703 1581 1951 1664 profecto
1994 1581 2039 1639 si

299 1667 446 1745 solus
465 1715 480 1740 ,
513 1682 568 1726 et
591 1690 703 1727 non
735 1669 855 1750 ipsa
901 1670 1140 1728 Trinitas
1171 1670 1306 1729 dixit
1336 1693 1350 1728 z
1376 1696 1403 1724 c<
1425 1672 1539 1747 Ego
1569 1692 1690 1729 sum
1721 1670 1992 1729 Dominus
2019 1717 2034 1742 ,

301 1783 330 1811 »
360 1770 413 1815 et
441 1778 553 1816 non
577 1772 656 1816 est
678 1757 813 1817 alius
839 1773 1044 1839 praeter
1068 1781 1154 1817 me
1181 1782 1195 1816 :
1228 1787 1255 1813 2>
1299 1760 1517 1835 negavit
1544 1781 1653 1817 esse
1690 1759 1890 1818 Filium
1920 1761 2040 1817 Do-

302 1846 519 1904 minum
544 1846 705 1905 talem
726 1894 741 1920 ,
783 1847 932 1929 quali
967 1849 1208 1906 Domino
1247 1850 1475 1908 servitus
1503 1848 1598 1908 illa
1626 1847 1863 1907 debetur
1885 1895 1899 1920 ,
1932 1869 2043 1929 qua

303 1956 417 1994 non
440 1935 545 1993 nisi
562 1937 678 1995 Deo
699 1958 829 1995 cum
845 1958 973 1997 vera
997 1937 1256 2013 religione
1283 1938 1531 1998 servitur.
1568 1939 1617 1996 Ν
1623 1959 1695 1996 011
1715 1937 1860 1996 enim
1884 1936 2040 2007 dixit,

305 2025 423 2100 Ego
451 2045 573 2082 sum
604 2025 876 2084 Dominus
914 2030 1091 2101 major
1121 2040 1214 2084 aut
1243 2026 1465 2099 melior,
1510 2040 1563 2084 et
1592 2049 1702 2085 non
1743 2040 1823 2085 est
1866 2039 2048 2084 tantus

305 2126 402 2171 aut
434 2112 552 2171 talis
581 2127 782 2194 praeter
806 2136 892 2173 me
923 2136 936 2171 ε
970 2114 1063 2173 sed
1087 2115 1271 2175 volens
1295 2116 1401 2174 sibi
1426 2115 1525 2173 soli
1554 2137 1614 2174 ea
1642 2137 1770 2197 quae
1806 2115 2047 2174 Domino

303 2202 422 2261 Deo
452 2201 685 2262 debetur
709 2204 964 2264 servitute
996 2205 1222 2277 serviri,
1252 2231 1277 2258 α
1306 2206 1420 2281 Ego
1448 2227 1567 2263 sum
1585 2252 1599 2277 ,
1633 2205 1817 2286 inquit
1846 2204 2050 2263 Domi-

311 2318 341 2346 »
367 2313 471 2350 nus
491 2340 504 2363 ,
532 2307 586 2350 et
615 2315 729 2352 non
751 2307 830 2352 est
854 2294 990 2353 alius
1014 2308 1215 2375 praeter
1237 2316 1339 2354 me.
1366 2321 1393 2347 ))
1423 2295 1599 2353 Porro
1629 2295 1672 2353 si
1688 2316 1791 2353 vox
1818 2294 1917 2353 ista
1937 2340 1950 2365 ,
1985 2292 2052 2351 si-

315 2393 413 2439 cut
443 2381 721 2440 catholica
749 2382 884 2440 fides
923 2383 1101 2456 dicit,
1154 2383 1316 2442 unius
1345 2383 1450 2442 Dei
1483 2397 1596 2455 est,
1634 2382 1786 2465 quod
1829 2380 1906 2440 est
1934 2382 2053 2462 ipsa

316 2468 559 2530 Trinitas
588 2491 601 2526 ε
637 2469 750 2528 sine
778 2470 890 2529 ulla
923 2470 1277 2530 dubitatione
1314 2472 1450 2531 huic
1477 2471 1575 2545 5011
1609 2469 1954 2530 serviendum
1977 2482 2055 2527 est

317 2577 381 2614 ea
417 2557 706 2630 servitute,
753 2580 883 2640 quae
911 2582 1024 2619 non
1053 2560 1158 2619 nisi
1188 2561 1424 2619 Domino
1453 2562 1570 2619 Deo
1606 2559 1869 2631 debetur,
1928 2558 2054 2640 quia

317 2645 434 2726 ipse
462 2659 541 2704 est
573 2647 842 2707 Dominus
871 2697 886 2721 ,
921 2663 975 2708 et
1002 2671 1115 2708 non
1146 2663 1224 2707 est
1253 2649 1388 2708 alius
1411 2661 1612 2730 praeter
1635 2649 1837 2730 ipsum.
2044 2660 2057 2666 ”

404 2735 469 2807 40
507 2735 718 2808 Deinde
745 2759 936 2818 quaero
965 2737 1245 2820 quomodo
1271 2738 1510 2819 accipias
1531 2737 1683 2819 quod
1708 2737 1923 2796 dictum
1953 2750 2051 2809 est,

321 2850 349 2876 α
372 2825 527 2882 Unus
550 2827 697 2884 Deus
727 2831 915 2899 Pater,
943 2850 1004 2887 ex
1027 2849 1137 2911 quo
1166 2829 1372 2900 omnia,
1394 2842 1449 2887 et
1466 2849 1565 2886 nos
1587 2828 1644 2887 in
1661 2828 1782 2910 ipso
1800 2874 1814 2900 ,
1843 2840 1894 2886 et
1919 2847 2059 2885 unus

321 2938 351 2966 ³>
376 2910 645 2972 Dominus
674 2915 830 2974 Jesus
869 2916 1122 2976 Christus
1143 2962 1158 2989 ,
1183 2939 1283 2997 per
1313 2938 1479 2998 quem
1512 2916 1695 2974 omnia
1714 2963 1728 2989 ,
1761 2929 1814 2974 et
1839 2936 1937 2974 nos
1960 2935 2060 2995 per

317 3012 348 3055 '>›
377 3001 559 3081 ipsum
581 3002 623 3061 ³.
652 3029 676 3055 >³
704 3004 992 3085 Numquid
1013 3027 1125 3064 non
1155 3019 1208 3063 et
1229 3028 1288 3064 ex
1317 3006 1432 3065 filio
1458 3020 1585 3065 sunt
1613 3005 1840 3064 omnia?
1869 2996 2058 3076 Quan-

322 3089 623 3170 doquidem
649 3092 765 3172 ipse
796 3094 934 3153 dicit
963 3117 977 3152 :
1008 3122 1033 3148 c<
1059 3096 1442 3178 Quaecumque
1472 3097 1635 3155 Pater
1660 3095 1792 3154 facit
1817 3141 1831 3167 ,
1857 3094 1982 3152 haec
2007 3105 2060 3152 et
2090 3095 2091 3098 ’

388 3218 402 3245 ¹
428 3218 577 3269 Ephes.
616 3235 685 3269 vr,
726 3224 765 3263 5.
806 3245 861 3253 -ν-
897 3221 917 3251 2
955 3228 1071 3264 Deut.
1112 3240 1181 3273 vt,
1227 3228 1302 3280 13,
1343 3232 1384 3265 et
1418 3223 1565 3266 Matth.
1600 3206 1657 3273 iv,
1698 3239 1759 3266 10.
1787 3246 1843 3254 --
1868 3221 1885 3251 3
1915 3238 1928 3264 ι
1960 3226 2054 3266 Cor.

328 3299 405 3325 viu
423 3318 434 3340 ‚
461 3288 503 3329 6.
