2144 3808
285 295 404 370 406
801 316 843 352 s-
897 314 1201 359 mensum
1237 313 1500 354 muscom

288 395 424 472 lud:
457 395 779 470 «Quoniam
805 397 1046 467 charitas
1067 396 1167 462 Dei
1199 395 1395 459 diffusa
1418 411 1499 457 est
1527 398 1588 457 iu
1616 396 1877 457 cordibus
1896 419 2018 458 nos*

285 512 326 557 >a⁴
346 485 443 551 tris
471 507 570 567 per
600 486 871 568 Spiritum
925 502 1175 550 sanctum
1217 486 1329 567 qui⁴
1354 486 1516 547 datus
1541 501 1620 546 est
1644 486 1846 548 nobis¹
1874 490 1938 546 τ’»
1967 499 2022 558 et

283 573 389 649 alia
420 575 623 643 multa;
659 576 787 656 quia
817 589 868 635 et
894 578 990 657 qui
1031 576 1208 653 diligit
1239 577 1412 635 Deum
1433 623 1447 647 ,
1483 592 1818 657 consequens
1848 591 1930 635 est
1962 590 2026 636 ut

285 664 453 731 faeiat
481 665 632 744 quod
671 664 938 748 praeeepit
970 668 1130 737 Deus,
1160 681 1212 725 et
1236 667 1293 725 in
1326 680 1536 725 tantum
1564 666 1744 743 diligit
1770 667 1825 725 in
1842 689 2026 748 quan-

290 768 404 819 tum
441 754 573 836 fauit
606 775 620 804 2
645 769 981 837 consequens
1011 779 1136 832 ergo
1165 770 1242 814 est
1280 770 1339 814 ut
1365 770 1417 814 et
1459 756 1769 837 proximum
1802 757 2024 833 diligab,

288 844 420 924 quia
450 844 558 903 hoe
582 847 852 927 praecepit
889 848 1028 905 Deus
1063 869 1076 904 ε
1105 847 1217 905 sive
1248 859 1460 904 tantum
1497 846 1731 926 proximi
1775 845 2032 905 dilectio—

289 953 415 995 nem
443 934 731 1014 Scriptura
761 949 1154 1014 commemorat
1173 981 1187 1003 ,
1233 936 1370 993 sieut
1415 948 1495 998 est
1522 934 1661 992 illud
1692 956 1706 992 ε
1736 960 1761 986 «
1790 934 2035 992 Invicem

280 1040 496 1093 ¹’ponera
517 1037 690 1083 vestra
705 1037 941 1102 portate,
960 1023 1101 1080 etsie
1123 1022 1498 1102 adimplebitis
1513 1023 1687 1098 legem
1705 1022 1914 1081 Christi
1928 1023 1951 1060 2
1972 1043 1988 1080 z
2010 1048 2036 1075 ι)

293 1123 348 1168 et
378 1110 516 1174 illud
538 1132 564 1166 .:
599 1137 624 1163 ε(
649 1112 845 1175 Omnis
867 1113 1011 1170 enim
1037 1111 1120 1171 lex
1147 1112 1204 1169 in
1231 1133 1343 1170 uno
1373 1132 1621 1171 sermone
1651 1111 1948 1192 impletur,
1978 1112 2037 1170 in

293 1222 321 1260 >2
352 1219 414 1260 eo
440 1198 591 1278 quod
610 1200 712 1258 seri
719 1214 880 1280 ptum
904 1215 1015 1258 est:
1040 1200 1242 1277 Diliges
1260 1201 1572 1281 proximum
1598 1213 1752 1259 tuum
1774 1214 2037 1281 tanquam

293 1313 327 1357 η
364 1288 624 1368 teipsum
652 1288 675 1325 3
703 1314 718 1356 ;
747 1317 774 1343 n
821 1303 874 1350 et
908 1290 963 1348 in
1001 1289 1289 1365 Evangelio
1313 1312 1327 1348 ε
1350 1353 1352 1355 ,
1374 1317 1399 1341 «
1428 1290 1631 1348 Omnia
1673 1307 2041 1370 quaecumque

298 1398 327 1440 p
358 1376 526 1448 vultis
553 1391 613 1435 ut
641 1377 845 1442 faciant
877 1379 1035 1439 vobis
1074 1379 1353 1450 homines,
1389 1379 1464 1436 ita
1490 1391 1544 1437 et
1576 1399 1672 1436 vos
1698 1377 1862 1437 facite
1899 1376 2036 1446 illis;

301 1492 332 1527 ο)
361 1465 486 1525 haee
510 1467 651 1525 enim
690 1481 769 1525 est
793 1470 901 1527 Lex
929 1482 982 1526 et
1003 1469 1301 1550 I’rophetae
1326 1468 1368 1528 4.
1408 1495 1434 1522 »
1458 1470 1526 1526 Et
1555 1467 1815 1548 pleraque
1845 1466 1946 1525 alia
1963 1478 2043 1523 're-

274 1553 547 1636 .-perimus
566 1556 619 1613 in
639 1558 857 1616 Litteris
881 1559 1110 1627 sanetis,
1138 1558 1194 1616 in
1218 1558 1421 1638 quibus
1443 1557 1552 1616 sola
1572 1556 1794 1615 dilectio
1810 1553 2045 1636 proximi

301 1643 369 1701 ad
396 1644 783 1724 perfectionem
811 1649 1043 1728 praeeipi
1083 1647 1324 1716 videtur,
1363 1660 1416 1705 et
1444 1647 1612 1705 taceri
1642 1645 1710 1704 de
1753 1645 2045 1702 dilectione

274 1736 277 1738 ’
300 1732 434 1800 Dei3
462 1753 587 1791 cum
618 1736 672 1796 iu
702 1748 934 1817 utroque
955 1749 1234 1817 praecepto
1261 1739 1363 1793 Lex
1379 1735 1616 1817 pendeat
1642 1748 1696 1793 et
1718 1733 2036 1814 Prophetae.

302 1820 394 1880 sed
419 1826 596 1882 etlioe
618 1825 764 1894 ideo,
790 1826 920 1907 quia
949 1826 1120 1906 etqui
1154 1826 1458 1906 proximum
1486 1825 2046 1904 diligit‚.consequens

308 1925 387 1970 est
408 1924 539 1977 utet
563 1914 735 1992 ipsam
764 1915 1043 1995 praecipue
1065 1913 1409 1973 dilectionem
1439 1914 1638 1991 diligat
1670 1936 1685 1972 t
1723 1941 1749 1967 a
1774 1916 1920 1972 Deus
1945 1928 2048 1969 au-

309 2026 337 2054 »
367 2014 473 2074 tem
500 2001 721 2061 dileetio
739 2019 839 2075 est,
857 2005 1024 2084 etqui
1053 2018 1231 2063 manet
1255 2007 1311 2062 in
1327 2004 1698 2075 dilectionem,
1725 2003 1782 2061 in
1805 2006 1923 2059 Deo
1940 2021 2051 2058 ma-

305 2116 334 2144 >2
363 2091 510 2181 nptf’.
542 2121 568 2145 υ
595 2096 948 2175 Consequens
973 2117 1100 2172 ergo
1122 2108 1282 2153 estut
1308 2095 1593 2175 praecipue
1626 2099 1798 2153 Deum
1831 2093 2041 2171 diligat.

393 2178 492 2247 Xl.
532 2186 891 2265 Quapropter
913 2186 1011 2266 qui
1042 2198 1302 2265 quaeruut
1327 2187 1499 2243 Deum
1530 2206 1630 2265 per
1652 2184 2051 2242 istasl'otest'a-

239 2342 250 2352 ‚
311 2291 413 2347 teS‚
438 2297 566 2358 quae
599 2275 808 2333 mundo
843 2288 1088 2356 praesunt
1128 2275 1211 2333 vel
1255 2275 1510 2357 partibus
1544 2274 1757 2345 mundi,
1791 2273 2052 2355 auserun-

303 2381 398 2430 tur
427 2368 498 2425 ab
538 2387 601 2424 eo
638 2365 908 2446 longeque
944 2369 1257 2441 jactantur3
1306 2387 1419 2423 non
1448 2365 1743 2423 intervallis
1769 2364 2046 2434 locorum,

308 2456 404 2517 sed
437 2455 748 2514 diversitate
777 2455 1070 2513 affectuum
1101 2476 1116 2512 ι
1141 2455 1372 2513 citerius
1400 2454 1542 2513 enim
1569 2467 1840 2512 conantur
1863 2454 1971 2525 ire,
2000 2465 2053 2511 et

310 2545 572 2606 interiora
602 2565 700 2602 sua
732 2543 990 2602 deserunt
1027 2545 1234 2626 quibus
1273 2545 1502 2603 interior
1535 2557 1612 2602 est
1641 2547 1804 2603 Deus,
1859 2544 2055 2624 ltaque

315 2635 478 2694 etiam
502 2633 544 2691 si
569 2631 804 2712 aliquam
830 2646 1071 2691 sanctam
1098 2632 1372 2691 coelestem
1400 2631 1725 2692 Potestatem
1751 2631 1837 2691 vel
1858 2630 2055 2690 audie*-

314 2726 450 2790 rint,
482 2721 904 2803 vel-utcumque
931 2723 1309 2798 cogitaverint,
1341 2722 1483 2781 facta
1519 2722 1688 2799 magis
1716 2726 1832 2798 ejus
1877 2734 2055 2802 appe·-

317 2826 448 2876 tunt
483 2833 612 2894 quae
662 2811 906 2870 humana
950 2811 1181 2869 miratur
1225 2811 1544 2883 infirmitas,
1603 2833 1715 2869 non
1771 2810 2057 2870 imitantur

317 2903 575 2982 'pictatem
597 2923 705 2982 qua
730 2901 917 2959 divina
931 2902 1143 2983 requies
1163 2914 1532 2982 comparatur.
1568 2901 1784 2959 Malunt
1810 2900 1952 2959 enini
1968 2917 2057 2959 su-

317 2991 487 3070 perbe
511 2990 618 3048 hoe
651 3011 803 3069 posse
833 2989 986 3070 quod.
1036 2989 1272 3066 Angelus
1293 3037 1307 3060 ‚
1325 3009 1507 3071 ‚quam
1554 2987 1747 3048 devote
1791 2989 1902 3047 hoc
1947 2999 2056 3045 esse

312 3077 469 3162 quod
501 3078 758 3154 Angelus,
791 3080 914 3137 Non
947 3079 1091 3137 enim
1116 3093 1336 3138 sanctus
1358 3081 1647 3162 quisquam
1671 3090 1939 3162 potestate
1958 3072 2055 3135 s'u'a

379 3197 394 3225 ¹
418 3198 536 3236 Rom.
569 3209 610 3243 v,
643 3195 686 3237 5.
708 3215 768 3224 —
794 3191 816 3222 ²
844 3193 979 3237 Galat.
1003 3206 1058 3242 vt,
1090 3207 1133 3238 a.
1152 3215 1210 3224 —
1231 3190 1250 3224 3
1277 3194 1339 3239 Id.
1361 3208 1399 3245 v,
1423 3202 1490 3242 14.
1514 3216 1571 3225 —-
1593 3190 1611 3224 ⁴
1634 3183 1783 3237 Matth.
1804 3207 1879 3241 vn,
1906 3207 1974 3237 12.
1994 3214 2051 3223 —·

318 3262 337 3296 ⁶
364 3278 380 3304 x
407 3265 527 3304 Joan.
551 3275 613 3318 xv,
636 3260 704 3303 16.
