2144 3808
560 341 631 381 nn
671 337 992 391 ulmum,
1038 339 1151 380 121ss.
1201 342 1253 379 v.
1685 322 1802 402 337

80 426 284 486 dicitur
307 424 496 496 Filius,
550 423 618 481 ad
655 443 708 480 se
735 421 920 500 ipsum
951 419 1256 494 diceretur,
1296 443 1411 480 non
1438 423 1509 481 ad
1545 426 1799 495 Patrem3

81 514 381 574 secundum
399 510 757 570 substantiam
789 509 1061 578 diceretur
1082 523 1136 567 et
1165 510 1254 568 ille
1284 512 1448 570 Pater
1465 558 1479 582 ‚
1508 526 1560 569 et
1588 513 1679 571 ille
1708 515 1807 572 Fi-

83 601 220 661 lius:
259 600 352 660 sed
387 600 514 680 quia
534 614 589 658 et
619 600 783 657 Pater
802 619 914 657 non
943 597 1148 657 dicitur
1175 601 1340 658 Pater
1364 601 1549 658 nisiex
1575 622 1638 657 eo
1658 602 1812 681 quod

84 703 164 748 est
190 690 242 748 ei
270 688 436 746 Filius
455 736 469 761 ‚
503 702 556 746 et
585 688 753 746 Filius
779 709 890 745 non
917 685 1121 745 dicitur
1150 688 1252 745 nisi
1277 710 1338 746 ex
1368 711 1430 746 6ο
1458 689 1608 769 quod
1640 689 1812 748 habet

85 778 329 848 Patrem,
368 797 479 835 non
509 775 807 834 secundum
837 775 1194 832 substantiam
1217 775 1342 834 haec
1365 776 1656 845 dicuntum
1683 776 1815 858 quia

85 887 196 924 non
213 866 440 946 quisque
465 886 652 922 eorum
685 863 754 921 ad
775 885 828 921 se
848 864 1053 944 ipsum,
1081 862 1170 921 scd
1199 863 1266 921 ad
1285 865 1518 923 invicem
1550 878 1712 945 atque
1742 864 1814 922 ad

90 953 411 1011 alterutrum
434 952 534 1010 ista
555 952 818 1010 dicuntur
833 974 847 1009 ε
865 972 1040 1032 neque
1059 951 1364 1010 secundum
1389 953 1662 1025 accideris,
1689 954 1822 1034 quia

89 1055 142 1100 et
157 1039 310 1122 quod
332 1039 536 1098 dicitur
564 1045 743 1111 Pater,
766 1053 821 1098 et
848 1039 999 1120 quod
1024 1039 1229 1098 dicitur
1250 1040 1443 1111 Filius,
1466 1053 1729 1100 aeternum
1747 1055 1825 1100 at-

90 1151 198 1211 que
231 1128 684 1188 incommutabile
715 1141 794 1186 est
819 1129 910 1188 eis,
953 1129 1329 1200 Quamobrem
1358 1130 1610 1210 quamvis
1634 1129 1824 1190 diver-

92 1239 213 1277 sum
231 1218 301 1275 sit
328 1218 547 1274 Patrem
564 1237 673 1275 esse
694 1231 745 1275 et
778 1217 975 1275 Filium
1005 1239 1134 1288 esse,
1161 1240 1269 1276 non
1299 1233 1379 1277 est
1408 1232 1590 1276 tamen
1613 1220 1825 1279 diversa

93 1306 398 1366 substantia
425 1327 439 1361 ε
476 1306 606 1385 quia
627 1304 735 1363 hoc
764 1327 879 1363 non
906 1304 1209 1364 secuudum
1231 1306 1594 1365 substantiam
1617 1307 1826 1368 dicun-

96 1409 209 1464 tur,
231 1394 325 1453 sed
353 1393 653 1452 secundum
673 1394 964 1454 relativum
983 1422 998 1463 ;
1032 1395 1197 1476 quod,
1213 1409 1394 1454 tamen
1408 1395 1695 1456 relativum
1717 1419 1828 1458 non

96 1496 176 1542 est
198 1482 475 1554 accidenS‚
499 1483 630 1563 quia
658 1505 771 1541 non
791 1497 871 1542 est
892 1483 1175 1544 mutabile.

177 1571 304 1631 Vll.
343 1571 403 1629 Si
435 1583 615 1628 autem
652 1571 788 1629 huic
821 1572 897 1630 sic
932 1585 1136 1652 putant
1171 1573 1532 1632 resistendum
1571 1595 1681 1633 esse
1713 1595 1829 1633 ser-

95 1660 284 1732 moni„
313 1658 466 1740 quod
494 1661 659 1717 Pater
684 1661 910 1740 quidem
933 1662 1002 1720 ad
1032 1662 1228 1720 Filium
1259 1662 1464 1722 dicitur
1484 1677 1538 1722 et
1560 1663 1728 1722 Filius
1756 1663 1830 1723 ad

98 1753 320 1810 Patrem
342 1795 357 1819 ‚
382 1748 651 1825 ingenitus
668 1762 850 1807 tamen
877 1763 929 1807 et
954 1751 1166 1826 genitus
1197 1751 1265 1810 ad
1295 1775 1348 1810 se
1369 1753 1518 1833 ipsos
1542 1752 1827 1825 dicuntur,

95 1861 208 1898 non
238 1838 309 1896 ad
338 1837 658 1896 alterutrum
687 1860 700 1895 :
737 1860 848 1896 non
871 1840 1017 1898 enim
1041 1840 1151 1899 hoc
1180 1854 1259 1899 est
1291 1841 1472 1900 dicere
1495 1841 1825 1918 ingenitum,

99 1927 251 2008 quod
281 1939 360 1985 est
380 1928 599 1986 Patrem
630 1925 847 1995 dicere3
880 1927 1010 2007 quia
1029 1941 1082 1985 et
1104 1929 1148 1986 si
1175 1928 1375 1987 Filium
1406 1951 1516 1987 non
1537 1931 1826 2006 genuisset,

99 2015 241 2074 nihil
270 2015 594 2095 prohiberet
615 2022 738 2074 eum
766 2014 946 2073 dicere
968 2016 1273 2093 ingenitum
1301 2040 1314 2075 z
1341 2032 1394 2076 et
1413 2019 1455 2076 si
1479 2019 1663 2094 gignat
1682 2020 1830 2101 quis-

101 2116 207 2186 que
236 2105 411 2163 filium
430 2151 444 2176 ‚
476 2124 590 2162 non
615 2125 676 2162 ex
699 2125 762 2162 6ο
784 2105 899 2185 ipse
924 2104 1198 2181 ingenitus
1220 2121 1331 2179 est;
1363 2108 1490 2188 quia
1519 2108 1687 2184 geniti
1723 2109 1834 2166 ho-

102 2194 274 2252 mines
304 2215 363 2251 ex
395 2192 512 2251 aliis
539 2192 891 2264 hominibUS,
921 2194 1153 2268 gignunt
1173 2208 1226 2251 et
1254 2196 1360 2274 ipsi
1388 2195 1538 2254 alios
1570 2196 1837 2276 inquiunt

104 2303 230 2359 ergo
265 2305 279 2339 ε
313 2287 477 2340 Pater
506 2280 575 2340 ad
604 2280 803 2338 Filium
830 2280 1064 2361 dicitur,
1094 2295 1146 2339 et
1175 2282 1343 2341 Filius
1370 2282 1439 2340 ad
1465 2284 1683 2341 Patrem
1700 2330 1716 2356 ,
1740 2285 1835 2342 in·-

104 2372 318 2449 genitus
343 2384 523 2429 autem
556 2368 626 2427 ad
656 2390 709 2427 se
735 2370 920 2449 ipsum
939 2417 954 2442 ‚
987 2383 1040 2427 et
1073 2371 1284 2447 genitus
1306 2371 1375 2429 ad
1405 2381 1458 2430 56
1477 2372 1658 2452 ipsum
1689 2373 1834 2432 dici-

105 2474 212 2519 tur.
257 2460 330 2517 Et
353 2459 476 2518 ideo
506 2459 550 2516 si
579 2458 854 2539 quidquid
879 2458 948 2517 ad
970 2479 1023 2516 se
1050 2459 1232 2540 ipsum
1260 2460 1468 2519 dicitur
1490 2507 1503 2532 ‚
1530 2462 1836 2521 secundum

105 2548 466 2608 substantiam
498 2547 703 2605 dicitur
723 2593 738 2619 ,
772 2547 1045 2607 diversum
1071 2561 1150 2606 est
1183 2563 1362 2608 autem
1397 2550 1699 2626 ingenitum
1726 2556 1840 2610 6556

105 2651 159 2696 et
179 2638 422 2714 genitum
453 2658 561 2695 esse
587 2658 602 2693 z
635 2635 847 2695 diversa
874 2636 1043 2712 igitur
1065 2637 1370 2696 substantia
1398 2651 1494 2696 est.
1525 2638 1647 2696 Hoc
1676 2639 1719 2696 si
1743 2639 1836 2697 di-

107 2739 264 2798 cunt,
285 2747 396 2784 non
414 2724 722 2801 intelligunt
738 2724 806 2782 de
828 2724 1068 2800 ingenito
1087 2725 1308 2804 quidem
1337 2725 1542 2808 aliquid
1562 2747 1614 2783 se
1630 2726 1830 2799 dicere,

109 2816 261 2898 quod
289 2815 601 2891 diligentius
627 2814 1077 2895 pertractandum
1109 2814 1176 2871 sit
1195 2862 1208 2885 ‚
1243 2815 1373 2895 quia
1402 2836 1500 2872 nec
1528 2814 1652 2872 ideo
1680 2817 1838 2896 quis-

110 2927 217 2986 que
247 2917 402 2985 pater
433 2903 563 2984 quia
590 2903 889 2978 ingenituS‚
923 2923 1025 2959 nec
1049 2902 1319 2977 ingenitus
1343 2902 1465 2960 ideo
1489 2903 1618 2984 quia
1639 2917 1798 2983 pater
1818 2951 1834 2977 ‚

110 3008 165 3053 et
184 3007 476 3076 propterea
505 3014 616 3051 non
645 2992 715 3050 ad
736 2991 947 3072 aliquid
970 3038 984 3063 ‚
1011 2991 1101 3049 sed
1127 2991 1197 3048 ad
1218 3013 1270 3049 se
1293 2991 1405 3049 dici
1429 3005 1659 3072 putatur
1683 2994 1840 3072 inge-

112 3084 302 3142 nitus:
343 3082 589 3159 genitum
621 3101 748 3139 vero
778 3082 930 3138 mira'
957 3081 1204 3138 caecitate
1248 3102 1357 3139 non
1399 3079 1691 3140 advertunt
1732 3082 1843 3142 dici

114 3193 226 3231 non
254 3193 409 3252 posse
434 3217 449 3243 ,
472 3170 575 3228 nisi
599 3168 668 3228 ad
699 3167 926 3249 aliquid.
956 3168 1085 3228 Ideo
1110 3170 1321 3251 quippe
1356 3168 1502 3228 filius
1536 3171 1667 3251 quia
1694 3173 1846 3247 geni·

120 3274 236 3332 ῐιι5,
271 3274 325 3319 et
361 3259 492 3342 quia
533 3259 679 3318 filius
704 3257 891 3337 utique
921 3258 1148 3334 genitus,
1182 3259 1340 3316 Sicut
1374 3271 1554 3316 autem
1596 3258 1742 3318 filius
1779 3261 1849 3323 ad

324 3365 575 3412 cxxxvu.
1611 3367 1682 3407 22
