2144 3808
558 365 632 405 DE
673 365 992 418 TMNITATE,
1040 367 1148 407 mn.
1202 369 1254 407 x.
1673 351 1792 428 449

67 464 177 502 non
202 444 310 502 sint
332 446 457 503 haec
493 445 604 503 duo
630 494 644 518 ,
679 446 771 504 sed
801 467 970 504 unum
1001 447 1219 504 duobus
1245 448 1527 506 vocabulis
1548 450 1794 530 appelle-

68 546 188 604 tur,
222 534 298 591 sic
334 548 562 615 apparet
591 536 646 592 in
675 558 736 594 ea
763 558 820 594 re
852 537 950 593 ubi
987 536 1143 593 valde
1171 538 1270 594 ista
1295 541 1593 612 conjuncta
1629 551 1754 595 sunt
1774 583 1788 606 ,

67 634 121 678 et
151 621 299 679 aliud
340 622 443 680 alio
479 624 631 682 nullo
668 623 1004 705 praeccditur
1046 637 1288 703 tempore
1329 647 1342 680 ε
1387 646 1647 703 amorque
1682 626 1796 704 ipse

68 730 179 766 non
226 709 302 766 ita
339 711 567 769 sentitur
601 735 738 781 esse,
776 731 903 769 cum
940 733 1062 769 enm
1098 732 1210 767 non
1242 712 1428 790 prodit
1462 712 1757 788 indigentia
1780 758 1794 783 ,

68 798 327 876 quoniam
366 822 578 879 semper
609 814 810 880 praesto
858 814 935 857 est
969 799 1118 880 quod
1159 813 1390 858 amatur.
1438 801 1795 880 Quapropter

68 886 227 944 etiam
263 887 596 946 tardioribus
624 889 955 947 dilucescere
980 889 1103 946 haec
1133 901 1393 968 possunt,
1421 888 1551 946 dum
1575 911 1635 946 ea
1657 903 1801 947 trac-

67 986 253 1032 tantur
293 996 419 1056 quae
460 975 527 1034 ad
567 978 813 1035 animum
854 990 1098 1056 tempore
1148 976 1416 1034 accedunt
1460 990 1514 1034 et
1548 998 1675 1057 quae
1718 976 1800 1033 illi

70 1063 442 1142 temporaliter
481 1064 775 1134 accidunt,
825 1087 950 1122 cum
1000 1065 1247 1122 meminit
1286 1064 1434 1144 quod
1482 1078 1638 1122 antea
1687 1085 1797 1121 non

70 1149 417 1219 meminerat,
465 1165 518 1210 et
555 1173 683 1210 cum
716 1152 866 1212 videt
902 1152 1048 1232 quod
1099 1165 1253 1209 antea
1295 1174 1403 1209 non
1446 1152 1701 1222 videbat,
1748 1165 1801 1208 et

71 1257 197 1293 eum
231 1251 375 1295 amat
401 1238 550 1318 quod
575 1253 732 1297 antea
755 1261 865 1297 non
896 1240 1133 1298 amabat.
1179 1239 1282 1297 Sed
1323 1239 1468 1297 aliud
1500 1239 1623 1296 haee
1654 1254 1802 1297 trac-
1865 1312 1867 1314 y

72 1326 205 1382 tatio
219 1329 336 1401 jam
364 1326 544 1408 poscit
574 1327 852 1386 exordium
875 1373 890 1400 ‚
916 1340 1144 1407 propter
1168 1327 1335 1402 hujus
1356 1326 1524 1384 libelli
1548 1327 1794 1385 modum.
1895 1404 1898 1407 Ι

680 2171 1172 2194 η-υῦὓῦῧὼ

286 3358 534 3404 CXXXVII.
1566 3349 1641 3410 29
