2144 3808
363 345 583 386 CONTRA
623 343 957 386 mxmmtm
1000 321 1281 402 AMANUM',
1329 350 1441 390 Lm.
1492 353 1558 393 11.
1759 357 1839 415 99

37 491 43 499 ,
119 428 256 490 servi
275 427 474 489 Filium
486 428 739 488 novimus
754 449 975 509 passum
998 429 1194 504 fuisse,
1225 453 1339 490 non
1360 433 1601 494 Patrem.
1630 436 1841 496 Deinde

118 518 467 594 subjungitur
495 539 510 575 ε
546 541 580 589 (ς
603 521 683 575 Ut
713 538 886 577 serves
915 517 1241 593 mandatum
1284 520 1399 580 sine
1438 521 1658 581 macula
1699 523 1839 584 irre-

120 633 148 660 »
169 605 535 688 prehensibile
576 626 746 688 usque
790 605 861 664 ad
907 602 1200 667 adventum
1237 608 1463 690 Domini
1502 602 1676 674 nost-ri
1716 610 1845 672 Jesu

119 720 147 749 >›
168 694 402 767 Christi,
442 716 604 777 quem
640 695 983 776 temporibus
1017 696 1257 778 propriis
1285 689 1541 781 ostendet¹
1567 697 1844 759 beatuset

120 811 147 838 >2
168 783 312 844 solus
326 797 518 866 potens
539 806 554 844 ε
575 806 762 867 quem,
782 811 807 837 >2
823 783 1030 843 scilicet
1051 785 1348 846 adventum
1364 787 1591 846 Domini
1608 787 1839 862 Christi,

118 899 146 927 «
177 873 488 934 Ostendet»
518 873 707 955 utique
722 875 867 933 Deus
883 919 899 946 ‚
926 873 1080 955 quod
1098 896 1211 934 non
1232 875 1379 935 solus
1392 888 1477 957 'est
1495 877 1690 950 Pater,
1715 878 1847 958 quia

117 961 419 1024 secundum
447 962 729 1022 veritatem
748 1008 762 1033 ‚
794 983 907 1021 non
938 962 1242 1024 secundum
1281 975 1525 1024 vestrum
1569 985 1808 1027 errorem
1828 1012 1844 1037 ‚

121 1049 356 1109 Trinitas
376 1072 518 1110 unus
542 1063 620 1110 est
643 1052 791 1110 Deus
817 1073 831 1109 :
861 1077 888 1105 «
909 1052 1110 1110 Beatus
1133 1065 1186 1110 et
1205 1052 1351 1112 solus
1375 1065 1571 1132 potens
1588 1100 1604 1126 ,
1631 1054 1747 1114 Rex
1765 1075 1846 1113 re-

120 1159 295 1216 »gum
336 1153 390 1198 et
427 1139 698 1199 Dominus
736 1138 1160 1201 dominantium.
1193 1167 1220 1195 >2
1255 1140 1550 1222 Numquid
1587 1142 1733 1200 enim
1765 1143 1853 1203 vel

117 1247 214 1288 vos
234 1226 413 1288 dicere
433 1227 644 1288 audetis
668 1227 872 1297 Filium
893 1249 1004 1286 non
1027 1250 1136 1287 esse
1152 1230 1356 1306 Regem
1377 1250 1568 1306 regum
1590 1243 1642 1288 et
1660 1231 1851 1290 Domi-

116 1336 254 1375 num
280 1316 724 1378 dominantium?
753 1317 834 1376 De
863 1338 973 1398 quo
1002 1317 1143 1376 inter
1162 1321 1360 1377 caetera
1393 1319 1663 1399 scriptum
1691 1332 1770 1378 est
1792 1319 1852 1379 in

120 1405 458 1486 Apocalypsi
490 1406 714 1465 Joannis
740 1427 755 1462 ε
804 1431 829 1458 ε(
853 1407 926 1463 Et
956 1406 1074 1486 ipse
1103 1407 1283 1465 calcat
1322 1406 1564 1467 torcular
1599 1406 1716 1468 vini
1746 1430 1856 1488 po-

26 1491 38 1501 '
119 1519 147 1548 »
171 1495 358 1568 tentis,
391 1508 445 1557 et
464 1494 522 1554 in
543 1494 732 1554 tunica
756 1506 811 1552 et
833 1493 892 1552 in
920 1494 1122 1554 femore
1144 1495 1318 1554 habet
1336 1516 1536 1554 nomen
1557 1497 1849 1578 scriptum,

119 1609 148 1636 >2
171 1583 284 1644 Rex
309 1603 500 1659 regum
529 1598 583 1642 et
611 1582 879 1640 Dominus
908 1582 1315 1642 dominantium
1329 1582 1440 1644 1.·›>
1481 1583 1589 1642 Sed
1621 1606 1690 1642 ne
1715 1582 1854 1643 forte

119 1670 342 1742 dicatiS,
366 1670 517 1752 quod
540 1692 739 1730 nomen
761 1670 940 1729 Patris
958 1670 1128 1728 Filius
1145 1670 1317 1729 habet
1339 1671 1607 1751 scriptum
1630 1671 1689 1730 in
1708 1686 1852 1733 veste

117 1773 172 1819 et
195 1761 252 1820 in
292 1760 524 1831 femore;
570 1760 673 1820 alio
711 1759 834 1819 loco
862 1759 1105 1836 ejusdem
1145 1758 1279 1819 libri
1311 1761 1561 1841 superius
1593 1760 1794 1838 legitur
1827 1785 1841 1820 τ

118 1876 146 1905 α
174 1850 246 1908 Et
269 1871 438 1927 agnus
465 1850 649 1910 vincet
683 1870 772 1908 eos
789 1895 805 1922 ,
847 1849 1109 1930 quoniam
1139 1849 1408 1908 Dominus
1446 1849 1851 1913 dominantium

120 1964 149 1993 >2
170 1950 249 1997 est
270 1951 324 1997 et
357 1940 472 1999 Rex
500 1938 746 2016 regum2.
776 1964 803 1992 »
833 1938 1192 2019 Quapropter
1227 1937 1532 1999 secundum
1566 1961 1660 1999 vos
1680 1987 1695 2013 ,
1733 1940 1846 2000 duo
1891 2005 1896 2010 ,

119 2039 247 2086 sunt
263 2028 436 2105 Reges
457 2049 648 2105 regum
667 2040 720 2086 et
740 2026 965 2085 Domini
991 2026 1396 2086 dominantium
1425 2049 1440 2085 ε
1468 2040 1520 2086 et
1542 2042 1733 2088 contra
1756 2051 1851 2090 vos

120 2128 227 2187 est,
260 2116 303 2175 si
332 2116 400 2176 de
427 2118 589 2176 Patre
621 2128 839 2175 tantum
875 2115 951 2174 ait
982 2114 1277 2195 Apostolus
1301 2137 1316 2174 ε
1350 2142 1377 2169 ε(
1397 2117 1596 2174 Beatus
1624 2131 1677 2176 et
1704 2117 1849 2177 solus

80 2220 84 2221 ’
121 2229 149 2257 >>
171 2218 391 2284 potem,
422 2206 538 2264 Rex
566 2225 755 2281 regum
785 2216 838 2261 et
877 2203 1148 2261 Dominus
1176 2202 1632 2265 dominantium&
1669 2231 1696 2259 »
1734 2206 1853 2265 Ve-‘

119 2313 244 2351 rum
267 2307 448 2353 autem
468 2293 771 2353 secundum
795 2305 999 2350 rectam
1021 2290 1189 2350 fidem
1209 2293 1328 2372 ipsa
1352 2292 1591 2352 Trinitas
1612 2315 1751 2354 unus
1767 2309 1847 2354 est

120 2381 267 2441 Deus
293 2405 307 2440 ε
341 2409 368 2436 «
403 2388 599 2442 Beatus
628 2394 682 2440 et
717 2381 862 2440 solus
889 2394 1115 2462 potenS,
1146 2380 1260 2439 Rex
1284 2402 1473 2458 regum
1496 2395 1557 2458 et
1574 2384 1841 2444 Dominus

118 2496 145 2523 ›>
166 2469 568 2530 dominantium
586 2518 600 2544 ‚
628 2470 726 2552 qui
756 2469 901 2528 solus
923 2469 1097 2528 habet
1135 2468 1602 2530 immortalitatem
1622 2518 1638 2544 ,
1679 2487 1731 2532 et
1751 2473 1844 2533 lu·-

24 2573 31 2596 ³
55 2618 57 2621 ,
118 2584 146 2611 »
167 2579 285 2617 cem
307 2559 524 2619 habitat
547 2558 995 2618 inaccessibilem.
1022 2583 1049 2611 »
1079 2558 1150 2615 Et
1171 2557 1449 2638 quomodo
1480 2559 1582 2618 erit
1607 2581 1797 2622 verum
1823 2586 1837 2621 ε

8 2642 22 2658 ”
119 2672 146 2699 ι(
172 2647 431 2707 Accedite
462 2648 531 2708 ad
569 2669 723 2720 eum,
766 2660 820 2705 et
859 2644 1317 2714 illuminamini&
1353 2675 1380 2700 »
1424 2647 1528 2706 nisi
1560 2651 1689 2729 quia
1730 2651 1840 2709 hoc

117 2754 279 2793 nemo
306 2750 484 2817 potest
502 2784 516 2810 ,
545 2737 588 2797 si
615 2737 682 2796 de
701 2757 754 2795 se
781 2734 1010 2816 quisque
1049 2735 1488 2816 praesumpserit,
1527 2735 1620 2794 sed
1648 2739 1693 2796 si
1724 2739 1840 2820 ipse

20 2814 38 2872 ζ
118 2822 444 2884 donaverit?
487 2825 959 2885 Immortalitatem
997 2837 1179 2883 autem
1216 2825 1362 2882 Deus
1394 2824 1599 2884 habere
1635 2826 1842 2888 dicitur

90 2970 94 2973 ,
119 2911 260 2972 solus
277 2960 291 2987 ‚
325 2913 453 2994 quia
475 2932 554 2976 est
576 2911 934 2973 immutabilis
956 2912 1115 2972 soluS.
1154 2913 1222 2969 In
1247 2912 1398 2970 omni
1417 2913 1564 2972 enim
1586 2917 1840 2977 mutabili

19 3027 38 3056 ,ι
118 3014 313 3061 natura
333 3002 600 3061 nonnulla
625 3023 768 3062 mors
789 3015 866 3061 est
895 3002 1012 3082 ipsa
1035 3000 1266 3059 mutatio
1283 3047 1298 3071 ‚
1323 3000 1453 3082 quia
1480 3001 1612 3061 facit
1633 3004 1841 3086 aliquid

16 3099 31 3120 ³⁴
119 3089 178 3149 in
205 3113 266 3151 ea
294 3114 407 3151 non
425 3114 534 3151 esse
555 3092 706 3173 quod
727 3106 859 3152 erat.
890 3090 1132 3151 Proinde
1156 3104 1210 3149 et
1227 3090 1347 3172 ipsa
1367 3091 1549 3151 anima
1572 3093 1839 3169 humana,

48 3187 55 3202 ”
119 3199 247 3260 quae
265 3174 556 3263 propterea
575 3180 779 3240 dicitur
796 3180 1118 3240 immortalis
1131 3225 1147 3252 ,
1175 3179 1437 3260 quoniam
1459 3179 1845 3260 qualitercum-

185 3285 199 3313 ¹
220 3287 349 3340 Apoc.
370 3300 456 3337 xxx,
479 3288 605 3328 16.—
624 3283 644 3314 2
662 3285 727 3327 Id.
748 3299 848 3336 xvu,
880 3293 946 3333 14.
967 3307 1023 3316 ——-
1046 3282 1065 3315 3
1084 3300 1103 3326 1
1129 3282 1234 3327 Tim.
1254 3298 1306 3333 vl,
1334 3285 1464 3329 15.—
1483 3281 1500 3312 ⁴
1517 3286 1618 3327 Psal.
1638 3300 1783 3342 xxxin,
1802 3290 1844 3331 6,

1627 3373 1685 3448 7ο
