2144 3808
615 339 687 383 m:
727 335 1052 395 amun,
1099 340 1210 385 mn.
1262 345 1327 385 11.
1725 319 1850 420 ³227

120 421 308 482 minor
348 420 755 491 germinem
780 420 867 481 'ad
913 421 1089 497 illu‘d,
1111 424 1277 507 ‘quod
1308 429 1560 508 quamvis
1603 437 1849 516 aequalis‘,

124 525 308 571 tamen
334 511 463 592 quia
481 509 558 572 de
574 511 744 569 *Patre
773 511 842 570 sit
866 510 1176 574 indicatur.·
1204 517 1274 574 Et
1297 504 1678 598 mihiTquidern
1700 526 1851 585 vide-

125 614 236 673 tur,
264 603 306 660 si
334 621 397 658 eo
428 604 594 658 modo
626 601 947 679 ambiguum
989 616 1094 674 est,
1122 616 1183 662 ut
1210 604 1487 686 explicari·
1510 596 1854 694 discernique

121 708 235 748 non
264 690 457 771 possit,
490 710 550 748 ex
580 690 842 749 utralibet
859 690 1046 767 regula
1084 685 1199 750 sine
1235 694 1485 775 periculo
1514 718 1672 778 posse
1699 701 1855 762 intel-

119 777 245 856 ligi,
298 780 439 838 sicut
465 793 542 838 est
569 779 719 861 quod
754 780 830 839 ait
861 802 877 838 t
912 807 938 834 ε(
961 782 1082 840 Mea
1119 781 1374 843 doctrina
1415 806 1530 845 non
1578 801 1656 846 est
1706 775 1848 866 mea,

121 894 149 921 »
177 866 268 925 sed
297 872 411 944 ejus
437 867 536 948 qui
559 889 646 925 me
678 863 826 926 misit
857 867 900 928 1.
931 893 957 923 »
982 868 1122 929 Nam
1147 870 1287 930 etex
1301 870 1482 932 forma
1509 875 1646 934 servi
1674 862 1856 957 potest

120 958 335 1038 accipi,
359 956 500 1016 sicut
526 961 641 1034 jam
671 957 730 1015 in
757 955 902 1018 libro
929 959 1207 1040 superiore
1230 961 1599 1022 'tractavimus
1619 963 1678 1041 ²3
1711 980 1762 1024 et
1791 986 1851 1027 ex

112 1044 290 1104 forma
320 1046 441 1118 Dei,
466 1046 524 1104 in
547 1067 658 1127 qua
679 1047 755 1104 sic
778 1047 1005 1128 aequalis
1026 1061 1107 1106 est
1135 1049 1313 1122 Patri,
1347 1064 1410 1108 ut
1433 1063 1618 1112 tamen
1649 1053 1722 1112 de·
1741 1060 1851 1115 Pa*

114 1148 197 1193 tre
219 1135 305 1195 sit.
347 1138 413 1194 In
439 1136 540 1194 Dei
577 1136 788 1217 quippe
812 1135 1014 1209 forma,
1047 1138 1189 1197 sicut
1221 1154 1335 1199 non
1363 1153 1443 1200 est
1471 1140 1621 1203 aliud
1651 1143 1848 1218 Filius,
1930 1151 1932 1153 ’

112 1222 265 1283 aliud
295 1225 409 1284 vita
438 1230 576 1302 eJuS,
595 1225 689 1283 sed
717 1225 836 1307 ipsa
855 1226 970 1284 vita
1008 1225 1177 1287 Filius
1203 1241 1313 1297 est}
1346 1229 1424 1288 ita
1456 1248 1571 1289 non
1593 1238 1674 1292 e‘st'
1695 1218 1846 1294 ali-ud

116 1312 284 1372 Filius
307 1361 321 1386 ,
357 1313 509 1372 aliud
537 1314 790 1372 doctrina
820 1319 938 1391 ejus
956 1361 970 1386 ‚
1003 1314 1096 1374 sed
1122 1316 1243 1398 ipsa
1270 1316 1522 1377 doctrina
1552 1320 1719 1380 Filius
1746 1335 1841 1382 est.

115 1402 194 1476 Ac
232 1423 334 1482 per
363 1402 472 1460 hoc
505 1401 645 1460 sicut
677 1401 734 1460 id
760 1402 912 1488 quod
939 1403 1154 1462 dictum
1196 1417 1313 1463 est:
1348 1406 1564 1466 «Dedit
1594 1408 1730 1467 Filio
1761 1412 1850 1470 vif-

111 1510 140 1543 »
179 1502 293 1549 tam
311 1490 358 1562 ὅ,
386 1518 413 1546 >2
440 1513 553 1550 non
581 1490 730 1549 aliud
760 1491 1087 1568 intelligitur
1112 1513 1277 1574 quam
1311 1495 1498 1569 genuit
1527 1496 1724 1556 Filium
1751 1499 1848 1580 qui

108 1592 189 1637 est
216 1581 360 1649 vita3
389 1581 467 1640 sic
492 1581 654 1639 etiam
683 1601 812 1641 cum
858 1580 1083 1653 dicitur,
1114 1580 1279 1640 Dedit
1316 1584 1454 1657 Filio
1506 1584 1846 1666 doctrinam,

107 1666 249 1726 bene
270 1668 591 1750 intelligitur
616 1668 801 1745 genuit
830 1669 1027 1727 Filium
1055 1667 1154 1750 qui
1174 1680 1254 1727 est
1278 1669 1530 1731 doctrina
1562 1695 1576 1732 t
1613 1687 1674 1751 ut
1695 1673 1848 1757 quod

108 1754 322 1816 dictum
348 1770 430 1816 est>
460 1779 474 1816 2
501 1785 527 1812 c<
547 1759 671 1816 Mea
693 1756 945 1817 doctrina
971 1767 1090 1816 non'
1114 1769 1192 1816 est
1218 1778 1339 1817 mea
1358 1806 1372 1831 ,
1397 1760 1493 1819 sed
1511 1765 1624 1843 ejus
1643 1765 1739 1843 qui
1760 1769 1849 1822 me

107 1870 135 1899 »
155 1847 303 1905 misit
317 1845 360 1907 4.
388 1875 425 1902 ·›>
454 1848 532 1906 sic
559 1846 926 1926 intelligatur,
959 1866 1023 1906 ac
1070 1847 1149 1924 sic
1177 1846 1395 1907 dictum
1429 1846 1543 1923 sit,
1576 1852 1692 1928 Ego
1727 1870 1847 1912 non

105 1925 225 1994 suni
251 1958 281 1995 a
306 1957 393 1995 me
411 1938 556 2019 ipso,
577 1935 670 1995 sed
701 1931 771 1995 'ab
787 1936 886 1995 illo*
904 1936 1003 2017 qu'i
1025 1953 1111 1995 me
1132 1935 1297 1999 misit,

176 2024 427 2085 ²V.'‘Nam
455 2025 606 2084 etde
632 2025 845 2106 Spiritu
865 2036 1075 2096 sancto,
1109 2023 1178 2082 de
1202 2045 1315 2105 quo
1345 2047 1456 2084 non
1488 2026 1701 2087 dictum
1725 2042 1804 2087 est
1827 2054 1843 2088 ε

105 2139 131 2167 α
146 2113 343 2191 Semeti
350 2136 511 2197 psum
526 2115 819 2192 exinanivit
830 2114 1063 2173 formam
1078 2115 1217 2174 servi
1235 2116 1564 2197 accipiens.»
1579 2119 1652 2196 aiut,
1666 2131 1848 2178 tamen

101 2203 217 2286 ipse
249 2205 565 2282 Dominus}
587 2231 613 2259 «
641 2205 783 2262 Cum
815 2215 994 2262 autem
1017 2203 1224 2262 venerit
1244 2203 1335 2262 ille
1366 2205 1606 2286 Spiritus
1633 2208 1842 2267 verita-5

103 2294 139 2348 »’
164 2293 251 2365 tis,
269 2293 491 2353 docebit
511 2314 618 2353 ,vos
650 2313 869 2351 omnem
890 2291 1190 2351 veritatem.
1232 2293 1358 2353 Non
1388 2295 1533 2352 enim
1556 2294 1837 2376 loquetur,

102 2397 131 2437 5>
164 2405 194 2441 a
214 2382 532 2463 semetipsff,
570 2380 663 2439 secl
691 2400 1060 2463 quaecumque
1085 2379 1270 2438 audiet
1293 2380 1551 2463 loquetur
1572 2430 1587 2457 ,
1633 2397 1686 2442 et
1715 2405 1844 2466 quae

101 2485 388 2543 »ventura
434 2483 573 2529 sunt¹
615 2467 964 2528 annuntiabit
1004 2466 1176 2532 vobis,
1226 2467 1326 2527 Ille
1354 2491 1443 2528 me
1470 2470 1837 2542 clarificabit3

99 2571 128 2613 ὁ)
156 2560 288 2642 quia
329 2558 397 2618 de
433 2581 552 2618 meo
581 2558 859 2638 accipiet,
907 2570 961 2614 et
1004 2557 1356 2615 annuntiabit
1390 2559 1548 2618 vobis
1573 2558 1616 2620 ⁵.
1646 2587 1672 2613 »
1705 2562 1840 2620 Post

99 2647 224 2707 haec
241 2650 433 2719 verba,
462 2647 566 2706 nisi
590 2647 855 2706 continuo
878 2658 1092 2704 secutus
1110 2644 1363 2703 dixisset:
1396 2673 1422 2700 α
1448 2647 1654 2707 Omnia
1678 2670 1839 2731 quae-

100 2733 128 2792 3>
156 2758 392 2818 cumque
414 2737 588 2796 habet
618 2738 782 2795 Pater
810 2757 929 2794 mea
954 2747 1110 2804 sunt;
1134 2748 1425 2816 propterea
1451 2735 1583 2809 dixi,
1614 2739 1744 2819 quia
1768 2739 1837 2798 de

99 2852 128 2881 »
157 2846 278 2885 meo
318 2825 572 2906 accipiet,
606 2838 658 2884 et
702 2824 1054 2898 annuntiabit
1080 2823 1239 2883 vobis
1269 2846 1284 2881 ε
1321 2851 1349 2879 »
1382 2824 1696 2884 crederetur
1715 2825 1836 2886 for-

97 2929 233 2975 tasse
250 2915 325 2974 ita
341 2927 501 2989 natus
515 2913 583 2973 de
607 2913 830 2974 Christo
849 2914 1089 2996 Spiritus
1106 2925 1346 2986 sanctUS,
1367 2913 1836 2995 quemadmodum

15 3046 18 3047 ν
95 3002 188 3071 ille
218 3003 285 3063 de
313 3005 492 3062 Patre.
532 3003 615 3060 De
642 3024 696 3061 se
717 3003 930 3100 quippe
957 3002 1163 3085 dixerat
1196 3023 1211 3059 ε
1240 3026 1266 3054 ει
1298 3003 1417 3061 Mea
1440 3002 1690 3083 doctrina
1719 3025 1833 3063 non

100 3114 128 3148 »
156 3106 234 3151 est
258 3107 378 3151 mea
401 3139 416 3165 ,
450 3089 542 3150 sed
572 3095 689 3167 ejus
714 3091 812 3173 qui
846 3106 936 3150 me
967 3090 1116 3150 misit
1135 3091 1159 3127 ⁶
1190 3111 1206 3147 t
1235 3108 1264 3152 κ.»
1307 3087 1376 3149 de
1406 3091 1621 3173 Spiritu
1649 3105 1830 3155 autem

102 3215 128 3222 ”
157 3218 173 3248 ¹
198 3219 322 3261 Joan.
356 3230 433 3268 vn,
469 3217 539 3259 16.
559 3236 619 3246 --
635 3212 659 3243 ⁸²
680 3214 786 3255 Vide
809 3224 931 3270 supra
950 3215 1024 3259 lib.
1052 3230 1088 3267 1,
1109 3227 1201 3274 cap.
1226 3206 1299 3286 αξ.
1321 3239 1381 3250 -
1410 3213 1432 3248 ⁸
1460 3220 1581 3262 Joan.
1615 3229 1656 3271 v,
1680 3219 1752 3262 26.
1770 3238 1827 3249 —

97 3280 120 3316 ⁴
140 3284 206 3330 Id.
228 3298 306 3336 vn,
324 3284 390 3329 16.
414 3306 470 3317 --
486 3280 505 3314 ⁵
519 3282 581 3325 ld.
597 3294 680 3333 xvi,
701 3283 769 3323 13.
784 3301 844 3313 -
860 3278 882 3314 ⁶
906 3282 972 3327 ld.
992 3287 1066 3334 vn,
1094 3296 1161 3327 ιο.
1469 3302 1472 3306 ’

1485 3371 1493 3378 ·
1572 3348 1664 3409 15.
