<?xml version="1.0" encoding="UTF-8"?>
<!DOCTYPE html PUBLIC "-//W3C//DTD XHTML 1.0 Transitional//EN"
    "http://www.w3.org/TR/xhtml1/DTD/xhtml1-transitional.dtd">
<html xmlns="http://www.w3.org/1999/xhtml" xml:lang="en" lang="en">
 <head>
  <title>
</title>
<meta http-equiv="Content-Type" content="text/html;charset=utf-8" />
  <meta name='ocr-system' content='tesseract 3.04.00' />
  <meta name='ocr-capabilities' content='ocr_page ocr_carea ocr_par ocr_line ocrx_word'/>
</head>
<body>
  <div class='ocr_page' id='page_1' title='image "./operaomniaaccura30auguuoft_0209.png"; bbox 0 0 2144 3808; ppageno 0'>
   <div class='ocr_carea' id='block_1_1' title="bbox 667 274 1862 341">
    <p class='ocr_par' dir='ltr' id='par_1_1' title="bbox 667 274 1862 341">
     <span class='ocr_line' id='line_1_1' title="bbox 667 274 1862 341; baseline 0.001 -23"><span class='ocrx_word' id='word_1_1' title='bbox 667 278 740 318; x_wconf 78' lang='lat' dir='ltr'><strong>nr.</strong></span> <span class='ocrx_word' id='word_1_2' title='bbox 783 274 1103 329; x_wconf 71' lang='lat' dir='ltr'><strong>mmm-tn,</strong></span> <span class='ocrx_word' id='word_1_3' title='bbox 1151 276 1263 316; x_wconf 77' lang='lat' dir='ltr'><strong>mn.</strong></span> <span class='ocrx_word' id='word_1_4' title='bbox 1315 281 1354 318; x_wconf 89' lang='lat'><strong>1.</strong></span> <span class='ocrx_word' id='word_1_5' title='bbox 1751 279 1862 341; x_wconf 83' lang='lat'><strong>¹99</strong></span> 
     </span>
    </p>
   </div>
   <div class='ocr_carea' id='block_1_2' title="bbox 77 356 1915 3110">
    <p class='ocr_par' dir='ltr' id='par_1_2' title="bbox 77 356 1915 3013">
     <span class='ocr_line' id='line_1_2' title="bbox 141 356 1915 443; baseline -0.002 -21"><span class='ocrx_word' id='word_1_6' title='bbox 141 361 424 443; x_wconf 83' lang='lat' dir='ltr'>vaniloqui</span> <span class='ocrx_word' id='word_1_7' title='bbox 447 358 813 440; x_wconf 77' lang='lat' dir='ltr'><strong>crediderunt.</strong></span> <span class='ocrx_word' id='word_1_8' title='bbox 853 358 998 416; x_wconf 88' lang='lat' dir='ltr'><strong>Cum</strong></span> <span class='ocrx_word' id='word_1_9' title='bbox 1028 356 1175 416; x_wconf 90' lang='lat' dir='ltr'><strong>enim</strong></span> <span class='ocrx_word' id='word_1_10' title='bbox 1207 356 1414 416; x_wconf 91' lang='lat' dir='ltr'><strong>dicitur</strong></span> <span class='ocrx_word' id='word_1_11' title='bbox 1445 381 1460 416; x_wconf 74' lang='grc' dir='ltr'><em>ε</em></span> <span class='ocrx_word' id='word_1_12' title='bbox 1496 386 1524 415; x_wconf 77' lang='grc' dir='ltr'>α</span> <span class='ocrx_word' id='word_1_13' title='bbox 1547 359 1861 421; x_wconf 88' lang='lat' dir='ltr'><strong>Tradiderit</strong></span> <span class='ocrx_word' id='word_1_14' title='bbox 1903 399 1915 407; x_wconf 92' lang='lat'><em>-</em></span> 
     </span>
     <span class='ocr_line' id='line_1_3' title="bbox 142 445 1862 528; baseline 0.003 -24"><span class='ocrx_word' id='word_1_15' title='bbox 142 476 169 504; x_wconf 74' lang='lat'><strong>&gt;2</strong></span> <span class='ocrx_word' id='word_1_16' title='bbox 191 472 418 528; x_wconf 84' lang='lat' dir='ltr'><strong>regnum</strong></span> <span class='ocrx_word' id='word_1_17' title='bbox 442 451 566 508; x_wconf 51' lang='lat' dir='ltr'><strong>Deo’</strong></span> <span class='ocrx_word' id='word_1_18' title='bbox 583 460 637 506; x_wconf 92' lang='lat' dir='ltr'><strong>et</strong></span> <span class='ocrx_word' id='word_1_19' title='bbox 657 446 840 518; x_wconf 86' lang='lat' dir='ltr'><strong>Patri,</strong></span> <span class='ocrx_word' id='word_1_20' title='bbox 866 472 893 500; x_wconf 89' lang='lat'>»</span> <span class='ocrx_word' id='word_1_21' title='bbox 920 467 1032 504; x_wconf 90' lang='lat' dir='ltr'><strong>non</strong></span> <span class='ocrx_word' id='word_1_22' title='bbox 1060 458 1340 525; x_wconf 87' lang='lat' dir='ltr'><strong>separatur</strong></span> <span class='ocrx_word' id='word_1_23' title='bbox 1366 445 1482 526; x_wconf 89' lang='lat' dir='ltr'><strong>ipse</strong></span> <span class='ocrx_word' id='word_1_24' title='bbox 1502 493 1519 520; x_wconf 86' lang='lat'><strong><em>,</em></strong></span> <span class='ocrx_word' id='word_1_25' title='bbox 1546 450 1676 528; x_wconf 89' lang='lat' dir='ltr'><strong>quia</strong></span> <span class='ocrx_word' id='word_1_26' title='bbox 1698 449 1862 509; x_wconf 91' lang='lat' dir='ltr'><strong>simul</strong></span> 
     </span>
     <span class='ocr_line' id='line_1_4' title="bbox 140 533 1862 617; baseline 0 -19"><span class='ocrx_word' id='word_1_27' title='bbox 140 561 268 598; x_wconf 92' lang='lat' dir='ltr'><strong>cum</strong></span> <span class='ocrx_word' id='word_1_28' title='bbox 295 542 459 605; x_wconf 83' lang='lat' dir='ltr'><strong>Patre</strong></span> <span class='ocrx_word' id='word_1_29' title='bbox 481 559 623 596; x_wconf 90' lang='lat' dir='ltr'><strong>unus</strong></span> <span class='ocrx_word' id='word_1_30' title='bbox 650 540 800 594; x_wconf 88' lang='lat' dir='ltr'><strong>Deus</strong></span> <span class='ocrx_word' id='word_1_31' title='bbox 829 548 925 595; x_wconf 90' lang='lat' dir='ltr'><strong>est.</strong></span> <span class='ocrx_word' id='word_1_32' title='bbox 965 533 1072 592; x_wconf 90' lang='lat' dir='ltr'><strong>Sed</strong></span> <span class='ocrx_word' id='word_1_33' title='bbox 1105 533 1414 600; x_wconf 85' lang='lat' dir='ltr'><strong>divinarum</strong></span> <span class='ocrx_word' id='word_1_34' title='bbox 1450 534 1862 617; x_wconf 87' lang='lat' dir='ltr'><strong>Scripturarum</strong></span> 
     </span>
     <span class='ocr_line' id='line_1_5' title="bbox 136 622 1863 706; baseline -0.002 -19"><span class='ocrx_word' id='word_1_35' title='bbox 136 628 438 687; x_wconf 83' lang='lat' dir='ltr'><strong>incuriosos</strong></span> <span class='ocrx_word' id='word_1_36' title='bbox 466 641 521 686; x_wconf 90' lang='lat' dir='ltr'><strong>et</strong></span> <span class='ocrx_word' id='word_1_37' title='bbox 547 625 958 686; x_wconf 84' lang='lat' dir='ltr'><strong>contentionum</strong></span> <span class='ocrx_word' id='word_1_38' title='bbox 985 623 1250 682; x_wconf 89' lang='lat' dir='ltr'><strong>studiosos</strong></span> <span class='ocrx_word' id='word_1_39' title='bbox 1281 622 1421 682; x_wconf 86' lang='lat' dir='ltr'><strong>fallit</strong></span> <span class='ocrx_word' id='word_1_40' title='bbox 1447 625 1682 684; x_wconf 90' lang='lat' dir='ltr'><strong>verbum</strong></span> <span class='ocrx_word' id='word_1_41' title='bbox 1710 627 1863 706; x_wconf 88' lang='lat' dir='ltr'><strong>quod</strong></span> 
     </span>
     <span class='ocr_line' id='line_1_6' title="bbox 135 711 1862 796; baseline 0 -23"><span class='ocrx_word' id='word_1_42' title='bbox 135 716 376 796; x_wconf 92' lang='lat' dir='ltr'><strong>positum</strong></span> <span class='ocrx_word' id='word_1_43' title='bbox 399 729 477 775; x_wconf 89' lang='lat' dir='ltr'><strong>est</strong></span> <span class='ocrx_word' id='word_1_44' title='bbox 503 739 517 773; x_wconf 90' lang='lat'><strong>:</strong></span> <span class='ocrx_word' id='word_1_45' title='bbox 551 742 578 769; x_wconf 86' lang='lat'><strong><em>«</em></strong></span> <span class='ocrx_word' id='word_1_46' title='bbox 601 711 843 773; x_wconf 81' lang='lat' dir='ltr'><strong>Donec1.</strong></span> <span class='ocrx_word' id='word_1_47' title='bbox 876 739 904 766; x_wconf 88' lang='lat'><strong>›&gt;</strong></span> <span class='ocrx_word' id='word_1_48' title='bbox 934 713 1019 770; x_wconf 89' lang='lat' dir='ltr'><strong>lta</strong></span> <span class='ocrx_word' id='word_1_49' title='bbox 1047 733 1283 793; x_wconf 89' lang='lat' dir='ltr'><strong>namque</strong></span> <span class='ocrx_word' id='word_1_50' title='bbox 1304 714 1551 793; x_wconf 87' lang='lat' dir='ltr'><strong>sequitur</strong></span> <span class='ocrx_word' id='word_1_51' title='bbox 1576 736 1652 772; x_wconf 59' lang='grc' dir='ltr'><strong>ιι(</strong></span> <span class='ocrx_word' id='word_1_52' title='bbox 1678 714 1862 794; x_wconf 90' lang='lat' dir='ltr'><strong>Opor-</strong></span> 
     </span>
     <span class='ocr_line' id='line_1_7' title="bbox 94 795 1862 880; baseline 0.002 -22"><span class='ocrx_word' id='word_1_53' title='bbox 94 795 100 801; x_wconf 70' lang='grc'><em>’</em></span> <span class='ocrx_word' id='word_1_54' title='bbox 138 829 165 857; x_wconf 85' lang='grc'>»</span> <span class='ocrx_word' id='word_1_55' title='bbox 190 817 268 862; x_wconf 89' lang='lat' dir='ltr'><strong>tet</strong></span> <span class='ocrx_word' id='word_1_56' title='bbox 297 805 440 862; x_wconf 88' lang='lat' dir='ltr'><strong>enim</strong></span> <span class='ocrx_word' id='word_1_57' title='bbox 468 803 626 862; x_wconf 91' lang='lat' dir='ltr'><strong>illum</strong></span> <span class='ocrx_word' id='word_1_58' title='bbox 664 822 923 878; x_wconf 83' lang='lat' dir='ltr'><strong>regnare,</strong></span> <span class='ocrx_word' id='word_1_59' title='bbox 961 799 1139 858; x_wconf 90' lang='lat' dir='ltr'><strong>donec</strong></span> <span class='ocrx_word' id='word_1_60' title='bbox 1177 813 1351 880; x_wconf 88' lang='lat' dir='ltr'><strong>ponat</strong></span> <span class='ocrx_word' id='word_1_61' title='bbox 1383 822 1568 860; x_wconf 89' lang='lat' dir='ltr'><strong>omnes</strong></span> <span class='ocrx_word' id='word_1_62' title='bbox 1611 802 1862 861; x_wconf 88' lang='lat' dir='ltr'><strong>inimicos</strong></span> 
     </span>
     <span class='ocr_line' id='line_1_8' title="bbox 135 889 1862 989; baseline 0.001 -40"><span class='ocrx_word' id='word_1_63' title='bbox 135 917 163 949; x_wconf 81' lang='grc'><strong><em>»</em></strong></span> <span class='ocrx_word' id='word_1_64' title='bbox 186 913 312 950; x_wconf 86' lang='grc'><strong>51105</strong></span> <span class='ocrx_word' id='word_1_65' title='bbox 332 892 435 951; x_wconf 87' lang='lat' dir='ltr'><strong>sub</strong></span> <span class='ocrx_word' id='word_1_66' title='bbox 459 891 697 973; x_wconf 86' lang='lat' dir='ltr'><strong>pedibus</strong></span> <span class='ocrx_word' id='word_1_67' title='bbox 718 890 858 948; x_wconf 85' lang='lat' dir='ltr'><strong>suis2</strong></span> <span class='ocrx_word' id='word_1_68' title='bbox 886 911 901 946; x_wconf 74' lang='lat' dir='ltr'><strong>t</strong></span> <span class='ocrx_word' id='word_1_69' title='bbox 927 910 958 942; x_wconf 69' lang='grc'><strong>4&gt;&gt;</strong></span> <span class='ocrx_word' id='word_1_70' title='bbox 1002 900 1262 969; x_wconf 84' lang='lat' dir='ltr'><strong>tanquam</strong></span> <span class='ocrx_word' id='word_1_71' title='bbox 1291 909 1418 947; x_wconf 89' lang='lat' dir='ltr'><strong>cum</strong></span> <span class='ocrx_word' id='word_1_72' title='bbox 1445 889 1721 989; x_wconf 84' lang='lat' dir='ltr'><strong>posuerit,</strong></span> <span class='ocrx_word' id='word_1_73' title='bbox 1748 912 1862 951; x_wconf 87' lang='lat' dir='ltr'><strong>non</strong></span> 
     </span>
     <span class='ocr_line' id='line_1_9' title="bbox 133 976 1862 1056; baseline -0.001 -18"><span class='ocrx_word' id='word_1_74' title='bbox 133 979 204 1038; x_wconf 91' lang='lat' dir='ltr'><strong>sit</strong></span> <span class='ocrx_word' id='word_1_75' title='bbox 230 993 567 1056; x_wconf 83' lang='lat' dir='ltr'><strong>regnaturus,</strong></span> <span class='ocrx_word' id='word_1_76' title='bbox 608 980 722 1037; x_wconf 89' lang='lat' dir='ltr'><strong>Nec</strong></span> <span class='ocrx_word' id='word_1_77' title='bbox 742 977 1055 1053; x_wconf 88' lang='lat' dir='ltr'><strong>intelligunt</strong></span> <span class='ocrx_word' id='word_1_78' title='bbox 1093 977 1172 1035; x_wconf 88' lang='lat' dir='ltr'><strong>ita</strong></span> <span class='ocrx_word' id='word_1_79' title='bbox 1200 976 1446 1049; x_wconf 89' lang='lat' dir='ltr'><strong>dictum,</strong></span> <span class='ocrx_word' id='word_1_80' title='bbox 1484 978 1646 1037; x_wconf 90' lang='lat' dir='ltr'><strong>sicuti</strong></span> <span class='ocrx_word' id='word_1_81' title='bbox 1680 991 1760 1036; x_wconf 89' lang='lat' dir='ltr'><strong>est</strong></span> <span class='ocrx_word' id='word_1_82' title='bbox 1786 979 1862 1038; x_wconf 84' lang='lat' dir='ltr'><strong>il-</strong></span> 
     </span>
     <span class='ocr_line' id='line_1_10' title="bbox 132 1067 1865 1167; baseline 0 -42"><span class='ocrx_word' id='word_1_83' title='bbox 132 1067 272 1126; x_wconf 86' lang='lat' dir='ltr'><strong>lud:</strong></span> <span class='ocrx_word' id='word_1_84' title='bbox 308 1095 335 1122; x_wconf 73' lang='lat' dir='ltr'><strong>c&lt;</strong></span> <span class='ocrx_word' id='word_1_85' title='bbox 359 1069 761 1127; x_wconf 89' lang='lat' dir='ltr'><strong>Confirmatum</strong></span> <span class='ocrx_word' id='word_1_86' title='bbox 795 1079 876 1124; x_wconf 90' lang='lat' dir='ltr'><strong>est</strong></span> <span class='ocrx_word' id='word_1_87' title='bbox 907 1086 1003 1124; x_wconf 91' lang='lat' dir='ltr'><strong>cor</strong></span> <span class='ocrx_word' id='word_1_88' title='bbox 1033 1070 1190 1141; x_wconf 83' lang='lat' dir='ltr'><strong>ejus,</strong></span> <span class='ocrx_word' id='word_1_89' title='bbox 1233 1087 1347 1125; x_wconf 89' lang='lat' dir='ltr'><strong>non</strong></span> <span class='ocrx_word' id='word_1_90' title='bbox 1385 1067 1865 1167; x_wconf 84' lang='lat' dir='ltr'><strong>commovebitur,</strong></span> 
     </span>
     <span class='ocr_line' id='line_1_11' title="bbox 133 1154 1862 1237; baseline 0.001 -23"><span class='ocrx_word' id='word_1_91' title='bbox 133 1181 161 1212; x_wconf 74' lang='lat'><strong>&gt;2</strong></span> <span class='ocrx_word' id='word_1_92' title='bbox 182 1157 355 1217; x_wconf 89' lang='lat' dir='ltr'><strong>donec</strong></span> <span class='ocrx_word' id='word_1_93' title='bbox 380 1157 566 1218; x_wconf 89' lang='lat' dir='ltr'><strong>videat</strong></span> <span class='ocrx_word' id='word_1_94' title='bbox 585 1178 748 1237; x_wconf 90' lang='lat' dir='ltr'><strong>super</strong></span> <span class='ocrx_word' id='word_1_95' title='bbox 769 1155 1020 1215; x_wconf 87' lang='lat' dir='ltr'><strong>inimicos</strong></span> <span class='ocrx_word' id='word_1_96' title='bbox 1049 1176 1173 1213; x_wconf 90' lang='lat' dir='ltr'><strong>suos</strong></span> <span class='ocrx_word' id='word_1_97' title='bbox 1187 1154 1229 1215; x_wconf 80' lang='lat'><strong>3.</strong></span> <span class='ocrx_word' id='word_1_98' title='bbox 1265 1181 1291 1208; x_wconf 86' lang='lat'>»</span> <span class='ocrx_word' id='word_1_99' title='bbox 1323 1157 1447 1214; x_wconf 86' lang='lat' dir='ltr'><strong>Non</strong></span> <span class='ocrx_word' id='word_1_100' title='bbox 1464 1155 1608 1214; x_wconf 90' lang='lat' dir='ltr'><strong>enim</strong></span> <span class='ocrx_word' id='word_1_101' title='bbox 1634 1178 1764 1215; x_wconf 89' lang='lat' dir='ltr'><strong>cum</strong></span> <span class='ocrx_word' id='word_1_102' title='bbox 1780 1157 1862 1216; x_wconf 89' lang='lat' dir='ltr'><strong>vi-</strong></span> 
     </span>
     <span class='ocr_line' id='line_1_12' title="bbox 132 1243 1865 1323; baseline 0.001 -20"><span class='ocrx_word' id='word_1_103' title='bbox 132 1244 275 1305; x_wconf 85' lang='lat' dir='ltr'><strong>derit</strong></span> <span class='ocrx_word' id='word_1_104' title='bbox 296 1250 455 1323; x_wconf 85' lang='lat' dir='ltr'><strong>jam</strong></span> <span class='ocrx_word' id='word_1_105' title='bbox 483 1245 941 1305; x_wconf 86' lang='lat' dir='ltr'><strong>commovebitur.</strong></span> <span class='ocrx_word' id='word_1_106' title='bbox 980 1243 1132 1315; x_wconf 86' lang='lat' dir='ltr'><strong>Quid</strong></span> <span class='ocrx_word' id='word_1_107' title='bbox 1164 1265 1291 1321; x_wconf 86' lang='lat' dir='ltr'><strong>ergo</strong></span> <span class='ocrx_word' id='word_1_108' title='bbox 1316 1258 1435 1303; x_wconf 89' lang='lat' dir='ltr'><strong>est.</strong></span> <span class='ocrx_word' id='word_1_109' title='bbox 1470 1271 1497 1299; x_wconf 87' lang='lat'><strong>&lt;‹</strong></span> <span class='ocrx_word' id='word_1_110' title='bbox 1521 1245 1665 1304; x_wconf 90' lang='lat' dir='ltr'><strong>Cum</strong></span> <span class='ocrx_word' id='word_1_111' title='bbox 1686 1245 1865 1304; x_wconf 88' lang='lat' dir='ltr'><strong>tradi·—</strong></span> 
     </span>
     <span class='ocr_line' id='line_1_13' title="bbox 132 1330 1864 1413; baseline -0.001 -20"><span class='ocrx_word' id='word_1_112' title='bbox 132 1359 158 1386; x_wconf 76' lang='lat'><strong>&gt;³</strong></span> <span class='ocrx_word' id='word_1_113' title='bbox 181 1333 321 1392; x_wconf 86' lang='lat' dir='ltr'><strong>derit</strong></span> <span class='ocrx_word' id='word_1_114' title='bbox 343 1355 571 1411; x_wconf 89' lang='lat' dir='ltr'><strong>regnum</strong></span> <span class='ocrx_word' id='word_1_115' title='bbox 600 1338 719 1392; x_wconf 92' lang='lat' dir='ltr'><strong>Deo</strong></span> <span class='ocrx_word' id='word_1_116' title='bbox 741 1346 795 1391; x_wconf 91' lang='lat' dir='ltr'><strong>et</strong></span> <span class='ocrx_word' id='word_1_117' title='bbox 824 1330 1054 1390; x_wconf 59' lang='lat' dir='ltr'><strong>Pan-m</strong></span> <span class='ocrx_word' id='word_1_118' title='bbox 1084 1358 1110 1385; x_wconf 86' lang='lat'>»</span> <span class='ocrx_word' id='word_1_119' title='bbox 1139 1333 1293 1413; x_wconf 85' lang='lat' dir='ltr'><strong>quasi</strong></span> <span class='ocrx_word' id='word_1_120' title='bbox 1318 1332 1486 1391; x_wconf 90' lang='lat' dir='ltr'><strong>modo</strong></span> <span class='ocrx_word' id='word_1_121' title='bbox 1515 1355 1629 1393; x_wconf 92' lang='lat' dir='ltr'><strong>non</strong></span> <span class='ocrx_word' id='word_1_122' title='bbox 1656 1334 1864 1393; x_wconf 88' lang='lat' dir='ltr'><strong>babeat</strong></span> 
     </span>
     <span class='ocr_line' id='line_1_14' title="bbox 131 1419 1861 1503; baseline 0.001 -24"><span class='ocrx_word' id='word_1_123' title='bbox 131 1443 356 1498; x_wconf 85' lang='lat' dir='ltr'><strong>regnum</strong></span> <span class='ocrx_word' id='word_1_124' title='bbox 382 1424 527 1480; x_wconf 89' lang='lat' dir='ltr'><strong>Deus</strong></span> <span class='ocrx_word' id='word_1_125' title='bbox 548 1435 601 1481; x_wconf 91' lang='lat' dir='ltr'><strong>et</strong></span> <span class='ocrx_word' id='word_1_126' title='bbox 625 1424 826 1480; x_wconf 68' lang='lat' dir='ltr'><strong>Pater?</strong></span> <span class='ocrx_word' id='word_1_127' title='bbox 856 1419 960 1478; x_wconf 88' lang='lat' dir='ltr'><strong>Sed</strong></span> <span class='ocrx_word' id='word_1_128' title='bbox 981 1420 1110 1500; x_wconf 85' lang='lat' dir='ltr'><strong>quia</strong></span> <span class='ocrx_word' id='word_1_129' title='bbox 1133 1441 1319 1479; x_wconf 88' lang='lat' dir='ltr'><strong>omnes</strong></span> <span class='ocrx_word' id='word_1_130' title='bbox 1335 1426 1511 1497; x_wconf 85' lang='lat' dir='ltr'><strong>justos</strong></span> <span class='ocrx_word' id='word_1_131' title='bbox 1533 1469 1548 1494; x_wconf 86' lang='lat'>‚</span> <span class='ocrx_word' id='word_1_132' title='bbox 1574 1422 1634 1480; x_wconf 93' lang='lat' dir='ltr'><strong>in</strong></span> <span class='ocrx_word' id='word_1_133' title='bbox 1655 1423 1861 1503; x_wconf 87' lang='lat' dir='ltr'><strong>quibus</strong></span> 
     </span>
     <span class='ocr_line' id='line_1_15' title="bbox 78 1508 1861 1587; baseline 0 -18"><span class='ocrx_word' id='word_1_134' title='bbox 78 1558 83 1563; x_wconf 95' lang='lat'>.</span> <span class='ocrx_word' id='word_1_135' title='bbox 129 1533 278 1569; x_wconf 88' lang='lat' dir='ltr'><strong>nunc</strong></span> <span class='ocrx_word' id='word_1_136' title='bbox 307 1524 496 1587; x_wconf 86' lang='lat' dir='ltr'><strong>regnat</strong></span> <span class='ocrx_word' id='word_1_137' title='bbox 523 1532 582 1568; x_wconf 87' lang='lat' dir='ltr'><strong>ex</strong></span> <span class='ocrx_word' id='word_1_138' title='bbox 612 1510 722 1568; x_wconf 87' lang='lat' dir='ltr'><strong>fide</strong></span> <span class='ocrx_word' id='word_1_139' title='bbox 745 1508 1055 1568; x_wconf 90' lang='lat' dir='ltr'><strong>viventibus</strong></span> <span class='ocrx_word' id='word_1_140' title='bbox 1075 1508 1343 1567; x_wconf 85' lang='lat' dir='ltr'><strong>mediator</strong></span> <span class='ocrx_word' id='word_1_141' title='bbox 1368 1510 1468 1568; x_wconf 92' lang='lat' dir='ltr'><strong>Dei</strong></span> <span class='ocrx_word' id='word_1_142' title='bbox 1490 1523 1542 1569; x_wconf 89' lang='lat' dir='ltr'><strong>et</strong></span> <span class='ocrx_word' id='word_1_143' title='bbox 1569 1511 1861 1569; x_wconf 89' lang='lat' dir='ltr'><strong>hominum</strong></span> 
     </span>
     <span class='ocr_line' id='line_1_16' title="bbox 127 1596 1860 1682; baseline 0.001 -26"><span class='ocrx_word' id='word_1_144' title='bbox 127 1598 296 1657; x_wconf 86' lang='lat' dir='ltr'><strong>homo</strong></span> <span class='ocrx_word' id='word_1_145' title='bbox 317 1600 571 1659; x_wconf 89' lang='lat' dir='ltr'><strong>Christus</strong></span> <span class='ocrx_word' id='word_1_146' title='bbox 592 1597 803 1668; x_wconf 81' lang='lat' dir='ltr'><strong>Jesus5,</strong></span> <span class='ocrx_word' id='word_1_147' title='bbox 827 1596 1193 1678; x_wconf 88' lang='lat' dir='ltr'><strong>perducturus</strong></span> <span class='ocrx_word' id='word_1_148' title='bbox 1215 1611 1294 1656; x_wconf 90' lang='lat' dir='ltr'><strong>est</strong></span> <span class='ocrx_word' id='word_1_149' title='bbox 1313 1598 1380 1656; x_wconf 90' lang='lat' dir='ltr'><strong>ad</strong></span> <span class='ocrx_word' id='word_1_150' title='bbox 1401 1599 1668 1679; x_wconf 83' lang='lat' dir='ltr'><strong>speciem,</strong></span> <span class='ocrx_word' id='word_1_151' title='bbox 1691 1620 1860 1682; x_wconf 89' lang='lat' dir='ltr'><strong>quam</strong></span> 
     </span>
     <span class='ocr_line' id='line_1_17' title="bbox 126 1685 1857 1766; baseline 0.001 -20"><span class='ocrx_word' id='word_1_152' title='bbox 126 1688 389 1746; x_wconf 82' lang='lat' dir='ltr'><strong>visionem</strong></span> <span class='ocrx_word' id='word_1_153' title='bbox 417 1687 556 1747; x_wconf 90' lang='lat' dir='ltr'><strong>dicit</strong></span> <span class='ocrx_word' id='word_1_154' title='bbox 576 1686 723 1746; x_wconf 90' lang='lat' dir='ltr'><strong>idem</strong></span> <span class='ocrx_word' id='word_1_155' title='bbox 750 1685 1083 1766; x_wconf 87' lang='lat' dir='ltr'><strong>Apostolus.</strong></span> <span class='ocrx_word' id='word_1_156' title='bbox 1112 1712 1139 1738; x_wconf 75' lang='lat' dir='ltr'><strong>c&lt;</strong></span> <span class='ocrx_word' id='word_1_157' title='bbox 1166 1686 1323 1744; x_wconf 87' lang='lat' dir='ltr'><strong>Facie</strong></span> <span class='ocrx_word' id='word_1_158' title='bbox 1351 1686 1422 1744; x_wconf 91' lang='lat' dir='ltr'><strong>ad</strong></span> <span class='ocrx_word' id='word_1_159' title='bbox 1438 1686 1697 1757; x_wconf 75' lang='lat' dir='ltr'><strong>faciem63</strong></span> <span class='ocrx_word' id='word_1_160' title='bbox 1722 1715 1748 1742; x_wconf 85' lang='grc'>»</span> <span class='ocrx_word' id='word_1_161' title='bbox 1779 1689 1857 1747; x_wconf 85' lang='lat' dir='ltr'><strong>ita</strong></span> 
     </span>
     <span class='ocr_line' id='line_1_18' title="bbox 77 1774 1856 1851; baseline 0.001 -16"><span class='ocrx_word' id='word_1_162' title='bbox 77 1782 82 1785; x_wconf 80' lang='grc'><strong>’</strong></span> <span class='ocrx_word' id='word_1_163' title='bbox 126 1777 339 1836; x_wconf 88' lang='lat' dir='ltr'><strong>dictum</strong></span> <span class='ocrx_word' id='word_1_164' title='bbox 362 1791 480 1835; x_wconf 89' lang='lat' dir='ltr'><strong>est.</strong></span> <span class='ocrx_word' id='word_1_165' title='bbox 505 1804 532 1830; x_wconf 67' lang='lat' dir='ltr'><strong>a</strong></span> <span class='ocrx_word' id='word_1_166' title='bbox 560 1778 705 1835; x_wconf 89' lang='lat' dir='ltr'><strong>Cum</strong></span> <span class='ocrx_word' id='word_1_167' title='bbox 726 1774 1011 1834; x_wconf 86' lang='lat' dir='ltr'><strong>tradiderit</strong></span> <span class='ocrx_word' id='word_1_168' title='bbox 1037 1796 1265 1851; x_wconf 86' lang='lat' dir='ltr'><strong>regnum</strong></span> <span class='ocrx_word' id='word_1_169' title='bbox 1290 1776 1406 1834; x_wconf 91' lang='lat' dir='ltr'><strong>Deo</strong></span> <span class='ocrx_word' id='word_1_170' title='bbox 1429 1790 1484 1834; x_wconf 92' lang='lat' dir='ltr'><strong>et</strong></span> <span class='ocrx_word' id='word_1_171' title='bbox 1511 1777 1696 1849; x_wconf 83' lang='lat' dir='ltr'><strong>Patri,</strong></span> <span class='ocrx_word' id='word_1_172' title='bbox 1721 1804 1748 1831; x_wconf 84' lang='grc'>»</span> <span class='ocrx_word' id='word_1_173' title='bbox 1792 1800 1856 1836; x_wconf 86' lang='lat' dir='ltr'><strong>ac</strong></span> 
     </span>
     <span class='ocr_line' id='line_1_19' title="bbox 126 1862 1857 1947; baseline 0.001 -25"><span class='ocrx_word' id='word_1_174' title='bbox 126 1865 169 1922; x_wconf 88' lang='lat' dir='ltr'><strong>si</strong></span> <span class='ocrx_word' id='word_1_175' title='bbox 193 1865 466 1924; x_wconf 87' lang='lat' dir='ltr'><strong>diceretur</strong></span> <span class='ocrx_word' id='word_1_176' title='bbox 497 1887 512 1946; x_wconf 64' lang='grc' dir='ltr'><strong>ς</strong></span> <span class='ocrx_word' id='word_1_177' title='bbox 547 1866 691 1923; x_wconf 89' lang='lat' dir='ltr'><strong>Cum</strong></span> <span class='ocrx_word' id='word_1_178' title='bbox 732 1863 1045 1945; x_wconf 83' lang='lat' dir='ltr'><strong>perduxerit</strong></span> <span class='ocrx_word' id='word_1_179' title='bbox 1073 1862 1352 1922; x_wconf 88' lang='lat' dir='ltr'><strong>credentes</strong></span> <span class='ocrx_word' id='word_1_180' title='bbox 1395 1864 1466 1922; x_wconf 92' lang='lat' dir='ltr'><strong>ad</strong></span> <span class='ocrx_word' id='word_1_181' title='bbox 1510 1865 1857 1947; x_wconf 47' lang='lat' dir='ltr'><strong>contempla*</strong></span> 
     </span>
     <span class='ocr_line' id='line_1_20' title="bbox 125 1950 1858 2012; baseline 0.001 -2"><span class='ocrx_word' id='word_1_182' title='bbox 125 1953 330 2012; x_wconf 86' lang='lat' dir='ltr'><strong>tionem</strong></span> <span class='ocrx_word' id='word_1_183' title='bbox 350 1954 451 2012; x_wconf 91' lang='lat' dir='ltr'><strong>Dei</strong></span> <span class='ocrx_word' id='word_1_184' title='bbox 472 1966 528 2012; x_wconf 92' lang='lat' dir='ltr'><strong>et</strong></span> <span class='ocrx_word' id='word_1_185' title='bbox 555 1952 751 2011; x_wconf 83' lang='lat' dir='ltr'><strong>Patris,</strong></span> <span class='ocrx_word' id='word_1_186' title='bbox 784 1951 876 2010; x_wconf 90' lang='lat' dir='ltr'><strong>Sic</strong></span> <span class='ocrx_word' id='word_1_187' title='bbox 908 1952 1058 2011; x_wconf 90' lang='lat' dir='ltr'><strong>enim</strong></span> <span class='ocrx_word' id='word_1_188' title='bbox 1085 1950 1223 2010; x_wconf 89' lang='lat' dir='ltr'><strong>dicit</strong></span> <span class='ocrx_word' id='word_1_189' title='bbox 1249 1974 1263 2009; x_wconf 72' lang='grc' dir='ltr'>ε</span> <span class='ocrx_word' id='word_1_190' title='bbox 1294 1978 1320 2005; x_wconf 81' lang='grc' dir='ltr'>α</span> <span class='ocrx_word' id='word_1_191' title='bbox 1349 1953 1553 2011; x_wconf 88' lang='lat' dir='ltr'><strong>Omnia</strong></span> <span class='ocrx_word' id='word_1_192' title='bbox 1584 1953 1724 2012; x_wconf 88' lang='lat' dir='ltr'><strong>mihi</strong></span> <span class='ocrx_word' id='word_1_193' title='bbox 1749 1967 1858 2012; x_wconf 87' lang='lat' dir='ltr'><strong>tra-</strong></span> 
     </span>
     <span class='ocr_line' id='line_1_21' title="bbox 125 2041 1848 2114; baseline 0.002 -18"><span class='ocrx_word' id='word_1_194' title='bbox 125 2066 152 2096; x_wconf 82' lang='lat'>»</span> <span class='ocrx_word' id='word_1_195' title='bbox 175 2043 289 2101; x_wconf 90' lang='lat' dir='ltr'><strong>dita</strong></span> <span class='ocrx_word' id='word_1_196' title='bbox 313 2056 440 2102; x_wconf 90' lang='lat' dir='ltr'><strong>sunt</strong></span> <span class='ocrx_word' id='word_1_197' title='bbox 465 2065 494 2101; x_wconf 90' lang='lat' dir='ltr'><strong>a</strong></span> <span class='ocrx_word' id='word_1_198' title='bbox 513 2042 678 2100; x_wconf 90' lang='lat' dir='ltr'><strong>Patre</strong></span> <span class='ocrx_word' id='word_1_199' title='bbox 697 2063 818 2101; x_wconf 89' lang='lat' dir='ltr'><strong>meo</strong></span> <span class='ocrx_word' id='word_1_200' title='bbox 841 2086 856 2112; x_wconf 88' lang='lat'><strong><em>‚</em></strong></span> <span class='ocrx_word' id='word_1_201' title='bbox 882 2055 937 2100; x_wconf 94' lang='lat' dir='ltr'><strong>et</strong></span> <span class='ocrx_word' id='word_1_202' title='bbox 958 2062 1118 2099; x_wconf 90' lang='lat' dir='ltr'><strong>nemo</strong></span> <span class='ocrx_word' id='word_1_203' title='bbox 1138 2041 1291 2100; x_wconf 91' lang='lat' dir='ltr'><strong>novit</strong></span> <span class='ocrx_word' id='word_1_204' title='bbox 1314 2041 1514 2100; x_wconf 86' lang='lat' dir='ltr'><strong>Filium</strong></span> <span class='ocrx_word' id='word_1_205' title='bbox 1538 2042 1640 2100; x_wconf 89' lang='lat' dir='ltr'><strong>nisi</strong></span> <span class='ocrx_word' id='word_1_206' title='bbox 1664 2043 1848 2114; x_wconf 87' lang='lat' dir='ltr'><strong>Pater,</strong></span> 
     </span>
     <span class='ocr_line' id='line_1_22' title="bbox 123 2130 1854 2192; baseline 0.002 -5"><span class='ocrx_word' id='word_1_207' title='bbox 123 2158 151 2186; x_wconf 77' lang='lat'><strong>&gt;2</strong></span> <span class='ocrx_word' id='word_1_208' title='bbox 174 2146 226 2191; x_wconf 87' lang='lat' dir='ltr'><strong>et</strong></span> <span class='ocrx_word' id='word_1_209' title='bbox 254 2150 412 2192; x_wconf 85' lang='lat' dir='ltr'><strong>nemo</strong></span> <span class='ocrx_word' id='word_1_210' title='bbox 440 2133 596 2192; x_wconf 89' lang='lat' dir='ltr'><strong>novit</strong></span> <span class='ocrx_word' id='word_1_211' title='bbox 623 2134 843 2191; x_wconf 89' lang='lat' dir='ltr'><strong>Patrem</strong></span> <span class='ocrx_word' id='word_1_212' title='bbox 873 2131 976 2190; x_wconf 91' lang='lat' dir='ltr'><strong>nisi</strong></span> <span class='ocrx_word' id='word_1_213' title='bbox 1016 2131 1184 2189; x_wconf 86' lang='lat' dir='ltr'><strong>Filius</strong></span> <span class='ocrx_word' id='word_1_214' title='bbox 1217 2143 1272 2189; x_wconf 90' lang='lat' dir='ltr'><strong>et</strong></span> <span class='ocrx_word' id='word_1_215' title='bbox 1302 2131 1395 2191; x_wconf 91' lang='lat' dir='ltr'><strong>cui</strong></span> <span class='ocrx_word' id='word_1_216' title='bbox 1419 2130 1656 2190; x_wconf 91' lang='lat' dir='ltr'><strong>voluerit</strong></span> <span class='ocrx_word' id='word_1_217' title='bbox 1684 2131 1854 2190; x_wconf 85' lang='lat' dir='ltr'><strong>Filius</strong></span> 
     </span>
     <span class='ocr_line' id='line_1_23' title="bbox 122 2218 1851 2292; baseline -0.001 -12"><span class='ocrx_word' id='word_1_218' title='bbox 122 2247 150 2275; x_wconf 70' lang='lat'><strong>³&gt;</strong></span> <span class='ocrx_word' id='word_1_219' title='bbox 170 2222 406 2282; x_wconf 88' lang='lat' dir='ltr'><strong>revelare</strong></span> <span class='ocrx_word' id='word_1_220' title='bbox 421 2223 463 2283; x_wconf 89' lang='lat'><strong>7.</strong></span> <span class='ocrx_word' id='word_1_221' title='bbox 497 2250 523 2276; x_wconf 75' lang='lat'><strong>&gt;2</strong></span> <span class='ocrx_word' id='word_1_222' title='bbox 562 2223 722 2279; x_wconf 88' lang='lat' dir='ltr'><strong>Tunc</strong></span> <span class='ocrx_word' id='word_1_223' title='bbox 750 2220 1082 2280; x_wconf 88' lang='lat' dir='ltr'><strong>revelabitur</strong></span> <span class='ocrx_word' id='word_1_224' title='bbox 1106 2242 1136 2278; x_wconf 91' lang='lat' dir='ltr'><strong>a</strong></span> <span class='ocrx_word' id='word_1_225' title='bbox 1173 2218 1309 2277; x_wconf 90' lang='lat' dir='ltr'><strong>Filio</strong></span> <span class='ocrx_word' id='word_1_226' title='bbox 1334 2221 1530 2292; x_wconf 85' lang='lat' dir='ltr'><strong>Pater,</strong></span> <span class='ocrx_word' id='word_1_227' title='bbox 1559 2242 1687 2279; x_wconf 87' lang='lat' dir='ltr'><strong>cum</strong></span> <span class='ocrx_word' id='word_1_228' title='bbox 1719 2242 1851 2279; x_wconf 84' lang='lat' dir='ltr'><strong>eva-</strong></span> 
     </span>
     <span class='ocr_line' id='line_1_24' title="bbox 122 2306 1852 2390; baseline -0.001 -22"><span class='ocrx_word' id='word_1_229' title='bbox 122 2312 363 2370; x_wconf 89' lang='lat' dir='ltr'><strong>cuaverit</strong></span> <span class='ocrx_word' id='word_1_230' title='bbox 383 2331 601 2369; x_wconf 90' lang='lat' dir='ltr'><strong>omnem</strong></span> <span class='ocrx_word' id='word_1_231' title='bbox 621 2309 999 2390; x_wconf 86' lang='lat' dir='ltr'><strong>principatum</strong></span> <span class='ocrx_word' id='word_1_232' title='bbox 1016 2321 1070 2366; x_wconf 89' lang='lat' dir='ltr'><strong>et</strong></span> <span class='ocrx_word' id='word_1_233' title='bbox 1088 2329 1302 2367; x_wconf 88' lang='lat' dir='ltr'><strong>omnem</strong></span> <span class='ocrx_word' id='word_1_234' title='bbox 1325 2306 1646 2388; x_wconf 89' lang='lat' dir='ltr'><strong>potestatem</strong></span> <span class='ocrx_word' id='word_1_235' title='bbox 1665 2323 1718 2368; x_wconf 88' lang='lat' dir='ltr'><strong>et</strong></span> <span class='ocrx_word' id='word_1_236' title='bbox 1736 2309 1852 2368; x_wconf 92' lang='lat' dir='ltr'><strong>vir-</strong></span> 
     </span>
     <span class='ocr_line' id='line_1_25' title="bbox 121 2396 1851 2478; baseline 0 -22"><span class='ocrx_word' id='word_1_237' title='bbox 121 2399 328 2457; x_wconf 78' lang='lat' dir='ltr'><strong>tuten18</strong></span> <span class='ocrx_word' id='word_1_238' title='bbox 343 2446 358 2472; x_wconf 83' lang='lat'>‚</span> <span class='ocrx_word' id='word_1_239' title='bbox 387 2399 445 2458; x_wconf 91' lang='lat' dir='ltr'><strong>id</strong></span> <span class='ocrx_word' id='word_1_240' title='bbox 469 2412 582 2470; x_wconf 85' lang='lat' dir='ltr'><strong>est,</strong></span> <span class='ocrx_word' id='word_1_241' title='bbox 605 2411 668 2456; x_wconf 91' lang='lat' dir='ltr'><strong>ut</strong></span> <span class='ocrx_word' id='word_1_242' title='bbox 691 2398 986 2456; x_wconf 89' lang='lat' dir='ltr'><strong>necessaria</strong></span> <span class='ocrx_word' id='word_1_243' title='bbox 1009 2419 1122 2456; x_wconf 88' lang='lat' dir='ltr'><strong>non</strong></span> <span class='ocrx_word' id='word_1_244' title='bbox 1144 2397 1212 2455; x_wconf 90' lang='lat' dir='ltr'><strong>sit</strong></span> <span class='ocrx_word' id='word_1_245' title='bbox 1233 2396 1565 2478; x_wconf 88' lang='lat' dir='ltr'><strong>dispensatio</strong></span> <span class='ocrx_word' id='word_1_246' title='bbox 1589 2398 1851 2457; x_wconf 87' lang='lat' dir='ltr'><strong>similitu-</strong></span> 
     </span>
     <span class='ocr_line' id='line_1_26' title="bbox 121 2486 1843 2568; baseline 0.001 -23"><span class='ocrx_word' id='word_1_247' title='bbox 121 2486 312 2546; x_wconf 90' lang='lat' dir='ltr'><strong>dinum</strong></span> <span class='ocrx_word' id='word_1_248' title='bbox 334 2509 435 2568; x_wconf 88' lang='lat' dir='ltr'><strong>per</strong></span> <span class='ocrx_word' id='word_1_249' title='bbox 458 2487 728 2563; x_wconf 86' lang='lat' dir='ltr'><strong>angelicos</strong></span> <span class='ocrx_word' id='word_1_250' title='bbox 751 2486 1097 2566; x_wconf 87' lang='lat' dir='ltr'><strong>principatus</strong></span> <span class='ocrx_word' id='word_1_251' title='bbox 1118 2500 1171 2544; x_wconf 87' lang='lat' dir='ltr'><strong>et</strong></span> <span class='ocrx_word' id='word_1_252' title='bbox 1193 2500 1487 2566; x_wconf 85' lang='lat' dir='ltr'><strong>potestates</strong></span> <span class='ocrx_word' id='word_1_253' title='bbox 1519 2499 1579 2545; x_wconf 84' lang='lat' dir='ltr'><strong>et&#39;</strong></span> <span class='ocrx_word' id='word_1_254' title='bbox 1596 2489 1843 2547; x_wconf 82' lang='lat' dir='ltr'><strong>virtuteS.</strong></span> 
     </span>
     <span class='ocr_line' id='line_1_27' title="bbox 121 2575 1851 2658; baseline 0.001 -25"><span class='ocrx_word' id='word_1_255' title='bbox 121 2576 198 2633; x_wconf 87' lang='lat' dir='ltr'><strong>Ex</strong></span> <span class='ocrx_word' id='word_1_256' title='bbox 225 2581 460 2658; x_wconf 87' lang='lat' dir='ltr'><strong>quarum</strong></span> <span class='ocrx_word' id='word_1_257' title='bbox 488 2597 718 2657; x_wconf 91' lang='lat' dir='ltr'><strong>persona</strong></span> <span class='ocrx_word' id='word_1_258' title='bbox 760 2597 874 2634; x_wconf 88' lang='lat' dir='ltr'><strong>non</strong></span> <span class='ocrx_word' id='word_1_259' title='bbox 906 2575 1354 2635; x_wconf 88' lang='lat' dir='ltr'><strong>inconvenienter</strong></span> <span class='ocrx_word' id='word_1_260' title='bbox 1380 2575 1704 2651; x_wconf 84' lang='lat' dir='ltr'><strong>intelligitur</strong></span> <span class='ocrx_word' id='word_1_261' title='bbox 1741 2576 1851 2634; x_wconf 89' lang='lat' dir='ltr'><strong>dici</strong></span> 
     </span>
     <span class='ocr_line' id='line_1_28' title="bbox 118 2663 1855 2745; baseline 0.001 -23"><span class='ocrx_word' id='word_1_262' title='bbox 118 2665 176 2723; x_wconf 92' lang='lat' dir='ltr'><strong>in</strong></span> <span class='ocrx_word' id='word_1_263' title='bbox 208 2667 438 2725; x_wconf 89' lang='lat' dir='ltr'><strong>Cantico</strong></span> <span class='ocrx_word' id='word_1_264' title='bbox 468 2665 809 2724; x_wconf 89' lang='lat' dir='ltr'><strong>canticorum</strong></span> <span class='ocrx_word' id='word_1_265' title='bbox 837 2664 904 2723; x_wconf 90' lang='lat' dir='ltr'><strong>ad</strong></span> <span class='ocrx_word' id='word_1_266' title='bbox 930 2686 1184 2745; x_wconf 85' lang='lat' dir='ltr'><strong>sponsam</strong></span> <span class='ocrx_word' id='word_1_267' title='bbox 1211 2686 1225 2722; x_wconf 72' lang='grc' dir='ltr'><strong>ε</strong></span> <span class='ocrx_word' id='word_1_268' title='bbox 1260 2691 1287 2717; x_wconf 88' lang='lat'>«</span> <span class='ocrx_word' id='word_1_269' title='bbox 1313 2663 1710 2723; x_wconf 89' lang='lat' dir='ltr'><strong>Similitudines</strong></span> <span class='ocrx_word' id='word_1_270' title='bbox 1731 2665 1855 2734; x_wconf 45' lang='lat' dir='ltr'><strong>,auri</strong></span> 
     </span>
     <span class='ocr_line' id='line_1_29' title="bbox 120 2752 1851 2834; baseline 0.002 -25"><span class='ocrx_word' id='word_1_271' title='bbox 120 2780 146 2808; x_wconf 88' lang='lat'>»</span> <span class='ocrx_word' id='word_1_272' title='bbox 165 2752 426 2812; x_wconf 85' lang='lat' dir='ltr'><strong>faciemus</strong></span> <span class='ocrx_word' id='word_1_273' title='bbox 446 2754 552 2812; x_wconf 87' lang='lat' dir='ltr'><strong>tibi</strong></span> <span class='ocrx_word' id='word_1_274' title='bbox 576 2775 702 2812; x_wconf 92' lang='lat' dir='ltr'><strong>cum</strong></span> <span class='ocrx_word' id='word_1_275' title='bbox 730 2753 1178 2812; x_wconf 87' lang='lat' dir='ltr'><strong>distinctionibus</strong></span> <span class='ocrx_word' id='word_1_276' title='bbox 1204 2753 1448 2829; x_wconf 86' lang='lat' dir='ltr'><strong>argenti,</strong></span> <span class='ocrx_word' id='word_1_277' title='bbox 1473 2752 1656 2834; x_wconf 91' lang='lat' dir='ltr'><strong>quoad</strong></span> <span class='ocrx_word' id='word_1_278' title='bbox 1681 2774 1851 2834; x_wconf 90' lang='lat' dir='ltr'><strong>usque</strong></span> 
     </span>
     <span class='ocr_line' id='line_1_30' title="bbox 117 2842 1850 2924; baseline 0.002 -27"><span class='ocrx_word' id='word_1_279' title='bbox 117 2868 146 2897; x_wconf 82' lang='lat'>»</span> <span class='ocrx_word' id='word_1_280' title='bbox 167 2864 255 2901; x_wconf 86' lang='lat' dir='ltr'><strong>rex</strong></span> <span class='ocrx_word' id='word_1_281' title='bbox 282 2844 340 2901; x_wconf 89' lang='lat' dir='ltr'><strong>in</strong></span> <span class='ocrx_word' id='word_1_282' title='bbox 362 2842 617 2901; x_wconf 86' lang='lat' dir='ltr'><strong>recubitu</strong></span> <span class='ocrx_word' id='word_1_283' title='bbox 641 2865 738 2901; x_wconf 94' lang='lat' dir='ltr'><strong>suo</strong></span> <span class='ocrx_word' id='word_1_284' title='bbox 761 2846 874 2902; x_wconf 79' lang='lat' dir='ltr'><strong>est⁹</strong></span> <span class='ocrx_word' id='word_1_285' title='bbox 902 2865 916 2901; x_wconf 88' lang='lat'>:</span> <span class='ocrx_word' id='word_1_286' title='bbox 941 2870 968 2897; x_wconf 89' lang='lat'>»</span> <span class='ocrx_word' id='word_1_287' title='bbox 996 2843 1056 2901; x_wconf 92' lang='lat' dir='ltr'><strong>id</strong></span> <span class='ocrx_word' id='word_1_288' title='bbox 1081 2855 1196 2912; x_wconf 82' lang='lat' dir='ltr'><strong>est,</strong></span> <span class='ocrx_word' id='word_1_289' title='bbox 1229 2842 1411 2922; x_wconf 91' lang='lat' dir='ltr'><strong>quoad</strong></span> <span class='ocrx_word' id='word_1_290' title='bbox 1447 2863 1618 2924; x_wconf 91' lang='lat' dir='ltr'><strong>usque</strong></span> <span class='ocrx_word' id='word_1_291' title='bbox 1649 2842 1850 2901; x_wconf 90' lang='lat' dir='ltr'><strong>Chris-</strong></span> 
     </span>
     <span class='ocr_line' id='line_1_31' title="bbox 118 2930 1852 3013; baseline 0.001 -25"><span class='ocrx_word' id='word_1_292' title='bbox 118 2945 205 2990; x_wconf 90' lang='lat' dir='ltr'><strong>tus</strong></span> <span class='ocrx_word' id='word_1_293' title='bbox 230 2932 289 2990; x_wconf 92' lang='lat' dir='ltr'><strong>in</strong></span> <span class='ocrx_word' id='word_1_294' title='bbox 322 2944 524 2989; x_wconf 90' lang='lat' dir='ltr'><strong>secreto</strong></span> <span class='ocrx_word' id='word_1_295' title='bbox 563 2953 660 2990; x_wconf 91' lang='lat' dir='ltr'><strong>suo</strong></span> <span class='ocrx_word' id='word_1_296' title='bbox 689 2945 767 2990; x_wconf 88' lang='lat' dir='ltr'><strong>est</strong></span> <span class='ocrx_word' id='word_1_297' title='bbox 792 2955 807 2990; x_wconf 88' lang='lat'><strong>:</strong></span> <span class='ocrx_word' id='word_1_298' title='bbox 841 2933 972 3013; x_wconf 87' lang='lat' dir='ltr'><strong>quia</strong></span> <span class='ocrx_word' id='word_1_299' title='bbox 1000 2957 1027 2986; x_wconf 87' lang='lat'>«</span> <span class='ocrx_word' id='word_1_300' title='bbox 1053 2931 1178 2990; x_wconf 83' lang='lat' dir='ltr'><strong>Vita</strong></span> <span class='ocrx_word' id='word_1_301' title='bbox 1205 2944 1383 2991; x_wconf 89' lang='lat' dir='ltr'><strong>vestra</strong></span> <span class='ocrx_word' id='word_1_302' title='bbox 1424 2930 1746 2990; x_wconf 86' lang='lat' dir='ltr'><strong>abscondita</strong></span> <span class='ocrx_word' id='word_1_303' title='bbox 1771 2945 1852 2989; x_wconf 90' lang='lat' dir='ltr'><strong>est</strong></span> 
     </span>
    </p>

    <p class='ocr_par' dir='ltr' id='par_1_3' title="bbox 179 3051 1845 3110">
     <span class='ocr_line' id='line_1_32' title="bbox 179 3051 1845 3110; baseline 0.001 -12"><span class='ocrx_word' id='word_1_304' title='bbox 179 3058 194 3086; x_wconf 81' lang='lat'><strong>¹</strong></span> <span class='ocrx_word' id='word_1_305' title='bbox 218 3058 320 3099; x_wconf 83' lang='lat' dir='ltr'><strong>Psal.</strong></span> <span class='ocrx_word' id='word_1_306' title='bbox 348 3071 427 3105; x_wconf 77' lang='lat' dir='ltr'><strong>mx,</strong></span> <span class='ocrx_word' id='word_1_307' title='bbox 452 3071 491 3100; x_wconf 86' lang='lat'><strong>1.</strong></span> <span class='ocrx_word' id='word_1_308' title='bbox 512 3080 565 3088; x_wconf 87' lang='lat'><strong>-·</strong></span> <span class='ocrx_word' id='word_1_309' title='bbox 585 3054 606 3084; x_wconf 80' lang='lat'>²</span> <span class='ocrx_word' id='word_1_310' title='bbox 634 3071 650 3096; x_wconf 84' lang='lat'>1</span> <span class='ocrx_word' id='word_1_311' title='bbox 687 3058 781 3098; x_wconf 82' lang='lat' dir='ltr'><strong>Cor.</strong></span> <span class='ocrx_word' id='word_1_312' title='bbox 805 3070 876 3110; x_wconf 90' lang='lat' dir='ltr'><strong>xv,</strong></span> <span class='ocrx_word' id='word_1_313' title='bbox 903 3058 971 3099; x_wconf 80' lang='lat'><strong>25.</strong></span> <span class='ocrx_word' id='word_1_314' title='bbox 989 3053 1085 3089; x_wconf 83' lang='lat'><strong>—3</strong></span> <span class='ocrx_word' id='word_1_315' title='bbox 1103 3057 1205 3099; x_wconf 78' lang='lat' dir='ltr'><strong>Psal.</strong></span> <span class='ocrx_word' id='word_1_316' title='bbox 1231 3069 1318 3105; x_wconf 80' lang='lat' dir='ltr'><strong>ext,</strong></span> <span class='ocrx_word' id='word_1_317' title='bbox 1349 3057 1391 3099; x_wconf 89' lang='lat'><strong>8.</strong></span> <span class='ocrx_word' id='word_1_318' title='bbox 1416 3051 1511 3087; x_wconf 70' lang='lat'><strong>—4</strong></span> <span class='ocrx_word' id='word_1_319' title='bbox 1537 3057 1668 3097; x_wconf 45' lang='lat' dir='ltr'><strong>1&gt;Cor.</strong></span> <span class='ocrx_word' id='word_1_320' title='bbox 1687 3069 1754 3105; x_wconf 84' lang='lat' dir='ltr'><strong>xv,</strong></span> <span class='ocrx_word' id='word_1_321' title='bbox 1773 3065 1845 3103; x_wconf 78' lang='lat'><strong>24·</strong></span> 
     </span>
    </p>
   </div>
   <div class='ocr_carea' id='block_1_3' title="bbox 117 3117 1843 3248">
    <p class='ocr_par' dir='ltr' id='par_1_4' title="bbox 117 3117 1843 3248">
     <span class='ocr_line' id='line_1_33' title="bbox 117 3117 1843 3177; baseline -0.002 -12"><span class='ocrx_word' id='word_1_322' title='bbox 117 3121 210 3158; x_wconf 85' lang='lat'><strong>—5</strong></span> <span class='ocrx_word' id='word_1_323' title='bbox 235 3139 254 3165; x_wconf 89' lang='lat'>1</span> <span class='ocrx_word' id='word_1_324' title='bbox 274 3124 378 3166; x_wconf 86' lang='lat' dir='ltr'><strong>Tim.</strong></span> <span class='ocrx_word' id='word_1_325' title='bbox 394 3139 445 3173; x_wconf 87' lang='lat'><strong>11,</strong></span> <span class='ocrx_word' id='word_1_326' title='bbox 464 3124 504 3167; x_wconf 86' lang='lat'><strong>5.</strong></span> <span class='ocrx_word' id='word_1_327' title='bbox 525 3146 579 3156; x_wconf 93' lang='lat'><em>-</em></span> <span class='ocrx_word' id='word_1_328' title='bbox 601 3117 621 3150; x_wconf 77' lang='lat'><strong>⁶</strong></span> <span class='ocrx_word' id='word_1_329' title='bbox 647 3137 662 3162; x_wconf 83' lang='lat'>1</span> <span class='ocrx_word' id='word_1_330' title='bbox 687 3125 789 3168; x_wconf 52' lang='lat' dir='ltr'><strong>Cor„</strong></span> <span class='ocrx_word' id='word_1_331' title='bbox 807 3138 904 3175; x_wconf 83' lang='lat' dir='ltr'><strong>xm,</strong></span> <span class='ocrx_word' id='word_1_332' title='bbox 934 3138 1002 3168; x_wconf 73' lang='grc'><strong>111.</strong></span> <span class='ocrx_word' id='word_1_333' title='bbox 1022 3147 1075 3159; x_wconf 82' lang='grc'><strong>--</strong></span> <span class='ocrx_word' id='word_1_334' title='bbox 1096 3121 1114 3152; x_wconf 83' lang='lat'>⁷</span> <span class='ocrx_word' id='word_1_335' title='bbox 1138 3123 1288 3166; x_wconf 78' lang='lat' dir='ltr'><strong>Matth.</strong></span> <span class='ocrx_word' id='word_1_336' title='bbox 1314 3137 1372 3175; x_wconf 65' lang='grc' dir='ltr'><strong>ιι,</strong></span> <span class='ocrx_word' id='word_1_337' title='bbox 1395 3137 1540 3175; x_wconf 79' lang='lat'><strong>27.—</strong></span> <span class='ocrx_word' id='word_1_338' title='bbox 1560 3120 1581 3152; x_wconf 77' lang='lat'><strong>⁸</strong></span> <span class='ocrx_word' id='word_1_339' title='bbox 1606 3137 1625 3162; x_wconf 84' lang='lat'>1</span> <span class='ocrx_word' id='word_1_340' title='bbox 1653 3123 1751 3168; x_wconf 84' lang='lat' dir='ltr'><strong>Cor.</strong></span> <span class='ocrx_word' id='word_1_341' title='bbox 1768 3137 1843 3177; x_wconf 83' lang='lat' dir='ltr'><strong>xv,</strong></span> 
     </span>
     <span class='ocr_line' id='line_1_34' title="bbox 119 3189 867 3248; baseline 0 -16"><span class='ocrx_word' id='word_1_342' title='bbox 119 3199 191 3240; x_wconf 74' lang='lat'><strong>²4·</strong></span> <span class='ocrx_word' id='word_1_343' title='bbox 213 3214 267 3226; x_wconf 88' lang='lat'>—</span> <span class='ocrx_word' id='word_1_344' title='bbox 293 3189 312 3220; x_wconf 86' lang='lat'>9</span> <span class='ocrx_word' id='word_1_345' title='bbox 329 3193 447 3236; x_wconf 83' lang='lat' dir='ltr'><strong>Cant.</strong></span> <span class='ocrx_word' id='word_1_346' title='bbox 478 3206 510 3242; x_wconf 87' lang='lat'><strong>1,</strong></span> <span class='ocrx_word' id='word_1_347' title='bbox 533 3205 599 3242; x_wconf 84' lang='lat'><strong>11,</strong></span> <span class='ocrx_word' id='word_1_348' title='bbox 618 3191 732 3246; x_wconf 82' lang='lat' dir='ltr'><strong>juxta</strong></span> <span class='ocrx_word' id='word_1_349' title='bbox 753 3203 867 3248; x_wconf 31' lang='grc' dir='ltr'><strong>ωαχ</strong></span> 
     </span>
    </p>
   </div>
  </div>
 </body>
</html>
