2144 3808
237 423 239 428 ‘
291 412 405 482 422
831 429 876 466 3.
929 427 1234 467 AUGUSTINI
1280 426 1531 468 Emscorl

291 522 472 569 meum
496 509 561 569 in
582 509 737 568 illum
761 509 964 589 quibus
991 508 1172 568 verbis
1200 528 1419 588 possum
1443 507 1686 588 exprimo
1706 555 1720 580 ‚
1748 507 2038 582 vicissim-A

287 611 392 679 que
427 598 568 656 ineo
600 598 717 656 fieri
755 618 919 676 quem
949 596 1006 653 in
1033 617 1118 654 me
1146 596 1351 653 habea't
1392 608 1555 675 atque
1582 596 1814 676 exprimi
1845 596 1972 654 volo
1992 643 2007 667 ,

288 684 697 766 spiritalemque
721 684 1069 765 complexum
1093 683 1368 743 credendo
1401 684 1620 755 molior,
1647 685 1777 764 quia
1804 705 2018 765 perves-

291 776 459 850 tigare
489 781 597 831 tam
621 773 807 844 citolet
834 794 1052 830 cernere
1076 773 1295 853 penitus
1329 776 1443 846 ejus
1472 772 1728 830 interiora
1752 786 1864 830 non
1884 784 2020 852 pos-

288 864 428 922 suni.
470 864 610 944 Amo
639 861 826 942 itaque
859 861 1071 920 fidelem
1111 874 1164 920 et
1200 861 1398 919 fortem
1441 860 1624 919 virum
1663 881 1843 918 amore
1872 871 2020 918 casto

289 952 451 1031 atq‘ue
481 972 756 1048 germano,
793 950 957 1021 Quod
981 950 1025 1008 si
1047 951 1188 1008 mihi
1206 950 1347 1008 inter
1370 960 1578 1007 nostras
1596 947 1837 1029 loquelas
1857 948 2023 1006 fatea-

293 1049 411 1109 tur,
439 1052 534 1096 aut
567 1038 822 1095 incautus
852 1037 1034 1116 aliquo
1068 1038 1233 1095 modo
1259 1058 1365 1094 sese
1393 1036 1627 1105 indicet,
1661 1036 1811 1118 quod
1833 1036 1916 1097 vel
1954 1035 2023 1093 de

290 1129 409 1182 Deo
444 1123 674 1182 credat
659 1143 993 1199 mcongrua,
1025 1137 1188 1204 atque
1217 1124 1273 1182 in
1301 1123 1397 1182 illo
1427 1132 1669 1206 quoque
1663 1124 1890 1184 carnale
1918 1125 2023 1182 ali-

289 1212 423 1292 quid
448 1199 747 1283 desideret,
776 1225 831 1269 et
855 1233 959 1291 pro
991 1212 1087 1271 tali
1113 1235 1294 1271 errore
1325 1213 1420 1271 illa
1446 1213 1755 1294 pertulerit,
1781 1214 1867 1272 vel
1895 1234 2023 1294 spe-

253 1354 255 1356 .
289 1322 317 1358 ι
321 1312 422 1359 'ttae
458 1301 711 1381 pecuniae
749 1300 1092 1380 cupiditate,
1125 1301 1253 1360 vel
1239 1303 1394 1361 mani
1422 1302 1679 1362 aviditate
1706 1302 1885 1360 laudis
1908 1302 2026 1360 hu-

292 1411 502 1458 manae3
528 1389 710 1447 statim
745 1400 896 1448 amor
922 1389 1034 1461 ille,
1065 1390 1267 1469 quoin·
1284 1412 1407 1448 eum
1425 1390 1660 1462 ferebar,
1685 1391 1941 1461 offensus,
1974 1402 2028 1447 et

290 1478 446 1558 quasi
470 1498 818 1557 repercussus
839 1524 853 1550 ‚
888 1490 1051 1558 atque
1080 1479 1152 1536 'ab
1183 1478 1410 1555 indigno
1430 1479 1657 1537 homine
1689 1477 1904 1536 ablatus
1926 1523 1942 1547 ‚
1968 1476 2027 1534 in

290 1570 350 1624 ca
371 1566 547 1646 forma
570 1577 877 1646 permanet,
897 1588 958 1623 ex
983 1587 1090 1646 qua
1113 1588 1237 1624 eum
1261 1566 1423 1624 talem
1443 1566 1669 1625 credens
1692 1579 2019 1625 amaveram.

293 1655 412 1712 Nisi
438 1653 577 1712 forte
606 1653 675 1712 ad
714 1653 826 1712 hoc
857 1676 980 1712 amo
1007 1659 1122 1730 jam
1141 1701 1155 1725 ‚
1186 1667 1250 1712 ut
1283 1654 1405 1712 talis
1433 1657 1532 1725 sit5
1561 1675 1688 1712 cum
1717 1653 1882 1712 talem
1916 1672 2029 1711 non

292 1752 402 1800 e‘ss'e
442 1764 779 1840 comperero,
811 1744 882 1800 At
909 1745 968 1801 in
1005 1743 1102 1801 illo
1132 1742 1355 1801 homine
1394 1743 1537 1802 nihil
1582 1755 1860 1801 mutatum
1908 1752 2022 1799 est:

294 1831 493 1888 mutari
526 1825 708 1888 tamen
736 1843 947 1910 potest,
975 1844 1036 1889 ut
1060 1833 1155 1889 fiat
1183 1831 1333 1912 quod
1361 1853 1486 1890 eum
1502 1837 1620 1908 jam
1641 1848 1750 1890 6336
1775 1828 2028 1889 credide-

295 1941 428 1977 ram.
461 1920 526 1975 In
561 1931 744 1976 mente
777 1932 956 1992 autem
992 1933 1109 1978 mea
1135 1933 1341 1978 mutata
1376 1934 1455 1979 est
1482 1921 1672 2000 utique
1695 1919 1816 2000 ipsa
1845 1918 2029 1976 existi-

299 2008 467 2064 matio
477 2028 634 2087 ,quae
649 2007 718 2064 de
738 1985 833 2065 illo
859 2007 1013 2066 aliter
1029 2029 1081 2066 se
1095 2009 1363 2079 habebat,
1384 2022 1438 2067 et
1460 2009 1614 2067 aliter
1630 2009 1834 2066 habet.
1855 2007 2030 2066 idem-

297 2117 405 2175 que
431 2116 598 2152 amor
609 2094 713 2152 ab
699 2096 999 2154 lntentione
1019 2096 1337 2176 perfruendi
1359 2096 1428 2155 ad
1455 2096 1811 2155 intentionem
1835 2116 2031 2154 consu-

298 2183 469 2254 lendi,
483 2183 924 2242 incommutabili
949 2184 1181 2266 desuper
1194 2186 1406 2261 justitia
1422 2186 1649 2262 jubente
1674 2185 1910 2243 deflexus
1927 2196 2020 2243 est.

302 2274 429 2352 Ipsa
453 2293 580 2330 vero
611 2271 825 2331 forma
810 2294 1152 2332 inconcussae
1179 2296 1242 2333 ac
1262 2275 1469 2332 stabilis
1489 2274 1752 2347 veritatiS,
1771 2287 1824 2332 et
1844 2274 1901 2332 in
1921 2294 2032 2353 qua

299 2360 508 2418 fruerer
536 2358 760 2418 homine
787 2361 997 2419 bonum
1042 2383 1168 2420 eum
1201 2362 1466 2434 credenS‚.
1491 2375 1544 2420 et
1570 2362 1628 2420 in
1667 2383 1776 2442 qua
1807 2359 2031 2419 consulo

303 2463 364 2506 ut
394 2449 574 2505 bonus
596 2448 685 2520 sit,
718 2448 902 2507 eadem
933 2449 1055 2508 luce
1083 2409 1524 2531 incorruptibilis
1551 2449 2033 2528 sincerissimaeque

302 2538 527 2595 rationis
550 2551 603 2595 et
626 2560 761 2596 meae
789 2540 982 2597 mentis
1003 2553 1308 2621 aspectum,
1342 2553 1397 2598 et
1423 2540 1571 2598 illam
1595 2539 1904 2620 phantasiae
1931 2557 2033 2594 nu-

304 2628 430 2683 bem
447 2673 461 2697 ‚
483 2632 648 2708 quam
671 2627 906 2708 desuper
926 2638 1112 2701 cerno,
1132 2650 1258 2687 cum
1284 2628 1535 2686 eumdem
1561 2628 1841 2685 hominem
1869 2641 2033 2706 quem

301 2715 765 2801 videramcogitQ
786 2718 1235 2798 imperturbabili
1256 2718 1555 2776 aeternitate
1573 2714 1874 2798 perfundit.
1893 2717 2032 2772 Item

303 2825 429 2861 cum
456 2810 644 2862 arcum
670 2805 906 2886 pulchre
931 2828 993 2865 ac
1023 2806 1368 2887 aequabiliter
1388 2807 1677 2876 intortum,
1707 2825 1868 2886 quem
1889 2803 2027 2874 vidi,

299 2892 452 2949 ver-hi
499 2895 672 2969 gratia
696 2941 709 2966 ‚
746 2894 1081 2971 Carthagine
1105 2943 1119 2967 ,
1151 2896 1331 2954 animo
1373 2894 1593 2954 revolvo
1615 2942 1628 2966 ‚
1662 2915 1746 2952 res
1772 2891 2031 2974 quaedam

308 2981 473 3037 menti
504 2983 752 3040 nuntiata
776 3005 876 3063 per
897 2983 1103 3057 oculoS,
1124 2984 1509 3064 memOriaeque
1531 2982 1820 3052 transfusa,
1843 2980 2033 3055 imagi-

302 3068 519 3124 narium
547 3084 904 3149 conspectum
922 3070 1070 3131 facit.
1106 3072 1211 3129 Sed
1247 3070 1396 3130 aliud
1427 3084 1605 3129 mente
1626 3067 1928 3148 conspicio,
1956 3087 2033 3123 se*-

302 3155 545 3213 cundum
587 3158 738 3237 quod
788 3160 928 3216 mihi
971 3181 1110 3240 opus
1149 3160 1288 3218 illud
1334 3160 1547 3241 placet;
1589 3158 1734 3217 unde
1760 3157 1919 3214 etiam
1943 3201 1957 3226 ‚
1989 3154 2034 3211 si

301 3243 613 3326 displiceret
641 3247 982 3324 corrigerem.
1013 3253 1203 3329 Itaque
1227 3249 1295 3307 de
1316 3249 1429 3308 istis
1453 3247 1752 3307 secundum
1775 3244 1925 3303 illam
1944 3248 2032 3320 ju-
