2144 3808
625 364 695 419 niz
735 374 1054 430 ‘rum-rara,
1101 377 1213 420 mn.
1265 379 1343 422 1x.
1717 365 1834 445 4⁶29

115 455 245 535 quia
261 457 453 516 notitia
468 462 584 534 jam
607 460 890 519 inventum
914 471 1014 528 est,
1031 459 1181 539 quod
1208 473 1427 539 partum
1455 461 1540 519 vel
1561 477 1836 541 repertum

116 542 346 616 dicitur,
376 546 522 625 quod
552 568 697 626 saepe
717 545 984 626 praecedit
1006 545 1287 625 inquisitio
1319 569 1380 605 eo
1407 549 1513 604 fine
1544 549 1834 627 quietura?

117 632 258 689 Nam
283 633 562 712 inquisitio
586 648 662 691 est
696 633 970 715 appetitus
993 633 1333 705 inveniendi,
1353 635 1505 717 quod
1530 635 1674 693 idem
1695 638 1839 694 valet

115 720 159 777 si
176 719 347 792 dicaS‚
366 722 687 801 reperiendi.
708 723 848 793 Quae
867 735 1046 780 autem
1063 719 1431 800 reperiuntur,
1446 725 1599 803 quasi
1615 725 1837 803 pariun-

115 820 206 865 tur
243 830 258 862 ε
293 809 439 867 unde
470 810 614 889 proli
638 810 834 867 similia
859 822 1008 879 sunt,
1035 809 1133 866 ubi
1161 810 1262 866 nisi
1283 810 1341 866 in
1358 811 1476 889 ipsa
1504 813 1732 870 notitia?
1752 814 1840 870 lbi

117 895 256 952 enim
277 897 429 974 quasi
447 918 682 976 expressa
703 894 1028 954 formantur.
1053 896 1194 953 Nam
1207 897 1301 953 etsi
1314 901 1426 971 jam
1444 913 1596 956 erant
1612 921 1691 956 res
1707 922 1842 979 quas

117 982 412 1061 quaerendo
440 982 765 1051 invenimUS‚
794 983 986 1040 notitia
1017 995 1200 1040 tamen
1222 983 1339 1062 ipsa
1373 1005 1484 1040 non
1507 998 1620 1042 erat
1638 1032 1651 1056 ‚
1672 1007 1839 1065 quam

116 1070 257 1127 sicut
287 1070 497 1149 prolem
526 1083 833 1127 nascentem
857 1069 1204 1148 deputamus,
1223 1071 1397 1127 Porro
1424 1073 1698 1150 appetitus
1723 1073 1834 1142 ille,

117 1157 213 1236 qui
235 1170 312 1214 est
334 1157 393 1214 in
419 1157 741 1237 quaerendO,
767 1156 1018 1236 procedit
1037 1179 1066 1213 a
1083 1170 1382 1236 quaerente,
1406 1171 1458 1214 et
1482 1159 1681 1237 pendet
1697 1181 1841 1239 quo-

119 1245 245 1303 dam
276 1245 440 1303 modo
464 1291 477 1314 ‚
512 1267 687 1325 neque
712 1245 997 1324 requiescit
1028 1245 1135 1301 fine
1161 1266 1272 1324 quo
1306 1245 1632 1316 intenditur,
1657 1248 1761 1304 nisi
1788 1248 1841 1304 id
1890 1266 1893 1268 ·

118 1331 270 1412 quod
297 1333 568 1412 quaeritur
585 1334 868 1390 inventum
897 1333 1166 1410 quaerenti
1188 1331 1495 1410 copuletur.
1532 1333 1644 1404 Qui
1665 1356 1841 1414 appe-

119 1420 270 1491 titus,
296 1419 353 1477 id
382 1434 480 1490 est,
510 1420 814 1499 inquisitiO,
845 1418 1100 1498 quamvis⁴
1126 1439 1278 1475 amor
1298 1440 1406 1476 esse
1433 1441 1544 1477 non
1566 1421 1837 1491 videatur,

118 1528 228 1587 quo
275 1507 334 1564 id
366 1507 517 1586 quod
546 1521 739 1564 notum
778 1518 887 1576 est,
942 1518 1187 1572 amatur3
1222 1505 1330 1562 hoc
1371 1507 1514 1563 enim
1557 1507 1742 1565 adhuc
1783 1522 1844 1565 ut

120 1608 484 1670 cognoscatur
507 1596 683 1670 agitur
705 1617 718 1651 ε
745 1607 929 1651 tamen
950 1614 1007 1650 ex
1031 1593 1221 1650 eodem
1246 1615 1434 1668 genere
1455 1594 1717 1673 quiddam
1741 1611 1836 1654 est.

121 1684 260 1741 Nam
290 1682 543 1739 voluntas
566 1687 677 1757 jam
733 1681 843 1738 dici
873 1693 1089 1761 potest,
1124 1681 1275 1759 quia,
1297 1682 1474 1738 omnis
1503 1683 1847 1762 ‘quiquaerit

121 1770 362 1828 invenire
389 1769 509 1828 vult
533 1795 547 1838 ;
573 1782 625 1827 et
651 1770 692 1826 si
718 1769 775 1826 id
809 1769 1078 1848 quaeritur
1109 1767 1256 1846 quod
1291 1768 1361 1824 ad
1391 1769 1641 1826 notitiam
1677 1773 1842 1849 perti-

122 1870 267 1927 neat,
289 1856 464 1913 omnis
485 1857 581 1936 qui
604 1856 806 1935 quaerit
827 1875 980 1911 nosse
1004 1853 1141 1912 vult.
1170 1854 1336 1924 Quod
1354 1856 1397 1912 si
1418 1856 1669 1915 ardenter
1690 1871 1852 1937 atque

123 1945 384 2001 instanter
405 1944 546 2014 vult,
566 1943 782 2000 studere
805 1942 1040 1999 dicitur:
1061 1941 1210 2020 quod
1237 1942 1466 1999 maxime
1487 1945 1545 2000 in
1574 1966 1854 2025 assequen-

125 2032 208 2088 dis
230 2045 392 2111 atque
410 2030 775 2110 adipiscendis
799 2029 1111 2108 quibusque
1135 2028 1400 2086 doctrinis
1418 2030 1528 2088 dici
1549 2032 1700 2090 solet.
1723 2035 1855 2089 Par-

127 2132 241 2176 tum
264 2139 389 2194 ergo
411 2119 604 2176 mentis
625 2117 894 2176 antecedit
919 2117 1194 2196 appetitus
1213 2117 1464 2195 quidam,
1491 2140 1602 2198 quo
1622 2120 1679 2177 id
1704 2121 1854 2199 quod

126 2228 280 2264 nosse
309 2206 564 2265 volumus
593 2205 890 2285 quaerendo
925 2218 979 2260 et
1019 2203 1376 2275 invenienc10‚
1411 2206 1654 2264 nascitur
1676 2208 1855 2294 proles

127 2295 253 2373 ipsa>
274 2294 465 2351 notitia
491 2315 504 2349 :
532 2315 594 2350 ac
614 2314 714 2372 per
736 2292 849 2348 hoc
871 2291 1147 2370 appetitus
1176 2289 1267 2347 ille
1287 2311 1396 2370 quo
1417 2293 1730 2372 concipitur
1749 2317 1855 2373 pa-

129 2383 376 2460 riturque
405 2381 598 2437 notitia
622 2426 636 2450 ‚
666 2392 858 2459 partus
887 2392 938 2435 et
969 2378 1147 2458 proles
1185 2391 1331 2436 recte
1354 2379 1465 2436 dici
1491 2401 1599 2437 non
1635 2395 1813 2460 potest
1837 2429 1851 2452 ‚

130 2468 386 2547 idemque
412 2467 686 2547 appetitus
709 2487 820 2546 quo
841 2466 1090 2523 inhiatur
1110 2465 1189 2522 rei
1201 2467 1613 2541 cognoscendae,
1627 2470 1690 2526 fit
1707 2492 1861 2528 amor

132 2557 366 2630 cognitae
387 2601 402 2624 ‚
436 2554 569 2611 dum
590 2566 736 2611 tenet
763 2566 926 2632 atque
950 2552 1301 2632 amplectitur
1323 2553 1584 2632 placitam
1610 2557 1821 2634 prolem
1840 2605 1853 2626 ‚

131 2642 189 2699 id
211 2654 322 2711 est,
350 2641 634 2711 notitiam,
661 2640 1009 2720 gignentique
1041 2640 1343 2715 conjungit.
1386 2642 1455 2698 Et
1489 2655 1566 2700 est
1604 2644 1859 2722 quaedam

132 2729 312 2802 imago
337 2729 639 2799 TrinitatiS‚
665 2729 785 2808 ipsa
808 2749 980 2798 menS,
1010 2741 1063 2785 et
1083 2728 1276 2785 notitia
1295 2733 1432 2802 ejuS‚
1459 2729 1609 2808 quod
1633 2745 1712 2788 est
1727 2753 1863 2811 pro-

133 2815 208 2872 les
237 2819 351 2889 ejus
381 2835 443 2872 ac
471 2813 538 2873 de
580 2837 632 2873 se
671 2815 790 2895 ipsa
825 2815 1060 2874 verbum
1105 2820 1250 2891 eim,
1285 2827 1338 2872 et
1381 2837 1534 2874 amor
1560 2819 1776 2888 tertius·‚
1809 2833 1862 2876 et

134 2902 260 2959 haec
286 2902 388 2958 tria
410 2922 583 2959 unum
613 2914 775 2981 atque
805 2923 912 2959 una
933 2902 1252 2960 substantia.
1288 2901 1614 2961 Nec'minor
1641 2905 1820 2983 proles
1842 2953 1856 2976 ‚

137 2987 272 3045 dum
305 2999 511 3044 tantam
540 3009 593 3045 se
617 2990 771 3046 novit
802 3008 953 3045 mens
985 3000 1191 3066 quanta
1222 3001 1336 3046 est:
1373 3010 1475 3047 nec
1507 2992 1686 3050 minor
1711 3015 1864 3052 amor

139 3075 271 3134 dum
298 3088 511 3134 tantum
539 3097 592 3134 se
619 3076 798 3152 diligit
824 3088 1095 3155 quantum
1126 3077 1281 3137 novit
1310 3090 1363 3136 et
1388 3090 1719 3158 quanta'est.

880 3255 1065 3267 ——-..
