2144 3808
361 298 574 337 CONTRA
623 295 953 336 ΜΑΧΙΜῙΝΠΜ
998 292 1278 344 Animum,
1326 296 1435 335 mn.
1490 299 1555 336 11.
1727 279 1838 337 165

121 408 148 434 ›>
176 400 322 438 nunc
354 401 493 460 aqua
512 424 526 450 ‚
553 390 606 436 et
632 376 807 435 lavem
840 373 1006 455 pedes
1036 387 1269 445 vesth,
1315 387 1369 431 et
1395 375 1702 451 refrigerate
1731 381 1836 438 sub

127 497 154 523 ›>
186 469 408 537 arbore,
442 479 495 524 et
535 485 747 523 sumam
775 485 1010 544 panem,
1043 475 1096 521 et
1136 460 1464 521 manducate
1485 509 1499 534 ,
1550 477 1604 520 et
1646 480 1840 545 postea

112 582 139 609 »
173 555 472 614 transibitis
501 554 559 612 in
586 553 734 612 viam
773 565 1003 611 vestram
1028 597 1042 621 ‚
1082 564 1311 631 propter
1335 550 1487 631 quod
1526 550 1838 612 declinastis

110 670 136 696 ›)
170 643 240 700 ad
270 635 483 701 servum
525 638 820 700 vestrum1.
847 666 873 692 ›>
912 637 1261 697 Manifestum
1311 651 1390 696 est
1435 660 1524 697 eos
1566 652 1835 720 tanquam

109 730 357 787 homines
397 728 619 786 invitari
653 750 668 785 ς
699 749 812 785 non
852 727 996 784 enim
1027 725 1132 783 tale
1159 725 1265 783 illis
1304 726 1643 807 praeberetur
1670 727 1836 786 obse-

108 816 300 898 quium
324 862 338 884 ,
380 837 492 895 quo
527 814 828 891 indigentia
856 814 1140 871 reficerent
1169 835 1429 895 corpora,
1459 814 1561 873 nisi
1586 815 1837 875 homines

109 915 455 983 putarentur.
496 903 565 960 Et
591 902 878 982 Scriptura
898 900 1189 981 pluraliter
1212 922 1298 959 eos
1322 902 1663 982 ‘respondisse
1685 925 1835 962 com-

109 1004 407 1063 memorat3
443 991 518 1049 ait
545 991 689 1050 enim
726 1013 741 1048 ε
781 1016 807 1042 «
830 991 902 1047 Et
924 989 1209 1062 dixerunt,
1240 990 1331 1048 Sic
1353 990 1442 1049 fac
1471 991 1836 1072 quemadmo-

107 1104 135 1131 »
163 1078 297 1136 dum
329 1078 527 1139 dixisti.
550 1105 578 1133 >³
616 1078 742 1136 Non
771 1077 884 1149 ait,
926 1079 997 1136 Et
1035 1078 1170 1136 dixit
1209 1100 1222 1135 ε
1256 1077 1348 1137 sed
1370 1125 1385 1151 ‚
1431 1104 1458 1131 «
1482 1078 1832 1140 Dixerunt.·›>

107 1166 318 1224 Deinde
352 1188 478 1225 cum
509 1180 641 1226 esset
673 1179 865 1247 parata
893 1166 1115 1225 refectio
1133 1213 1148 1238 ,
1183 1166 1322 1225 dicit
1349 1165 1638 1247 Scriptura
1658 1215 1674 1240 ,
1708 1195 1734 1222 c<
1761 1170 1837 1226 Et

107 1280 135 1308 »
160 1256 417 1335 apposuit
449 1268 573 1314 ante
608 1254 763 1326 illos,
817 1268 872 1312 et
909 1254 1157 1312 ederunt.
1184 1279 1212 1309 »
1257 1254 1383 1313 Non
1411 1256 1516 1326 ait,
1557 1256 1834 1336 Apposuit

105 1355 230 1399 ante
252 1342 407 1400 illum
426 1389 440 1414 ‚
468 1356 521 1400 et
542 1342 674 1401 edit.
709 1342 817 1401 Sed
838 1342 936 1400 ubi
955 1342 1023 1401 ad
1039 1342 1097 1400 id
1117 1356 1341 1403 ventum
1362 1357 1475 1408 est,
1506 1356 1569 1402 ut
1591 1344 1834 1402 Abrahae

103 1428 249 1487 filius
283 1430 699 1510 promitteretur
737 1451 797 1487 ex
834 1430 966 1488 Sara
987 1476 1002 1501 ,
1039 1431 1164 1510 quia
1214 1430 1466 1490 divinum
1502 1432 1833 1490 offerebatur

102 1515 466 1586 beneficium,
509 1539 622 1575 non
665 1530 726 1574 ut
762 1516 1087 1575 hominibus
1124 1518 1432 1576 humanum
1468 1518 1831 1577 exhibebatur
1897 1584 1900 1587 ,

104 1604 458 1683 obsequium,
492 1626 663 1662 unum
699 1617 885 1661 narrat
907 1605 1192 1684 Scriptura
1216 1605 1488 1663 dicentem
1515 1628 1529 1663 ε
1562 1632 1588 1655 «
1607 1606 1718 1665 Ubi
1752 1620 1833 1665 est
1857 1633 1865 1641 “

104 1718 130 1744 »³
158 1692 291 1749 Sara
315 1714 447 1750 uxor
478 1696 610 1750 tua?
636 1718 662 1745 >2
689 1692 814 1749 Non
845 1691 989 1749 enim
1019 1693 1132 1763 ait,
1165 1693 1632 1751 Dixerunt‘autem
1657 1694 1726 1752 ad
1755 1694 1830 1752 il-

102 1779 214 1836 lum
252 1802 266 1836 ε
301 1780 394 1838 sed
424 1781 532 1852 ait,
560 1806 587 1834 c<
614 1780 764 1838 Dixit
789 1793 969 1838 autem
993 1780 1062 1838 ad
1091 1780 1273 1852 illum,
1299 1782 1411 1839 Ubi
1441 1795 1519 1840 est
1542 1781 1674 1839 Sara
1695 1803 1828 1840 uxor

103 1893 130 1919 »
158 1868 288 1924 tua2
314 1872 394 1936 Ρ»
432 1868 568 1940 Quis
597 1881 779 1926 autem
820 1868 931 1926 hoc
969 1867 1204 1939 dixerit,
1237 1882 1426 1949 postea
1463 1867 1775 1927 manifestat
1808 1891 1822 1926 ε

103 1955 201 2012 ubi
224 1976 351 2013 cum
385 1956 584 2013 risisset
618 1957 783 2027 Sara,
827 1956 903 2014 ait
937 1956 1128 2014 eadem
1158 1956 1445 2037 Scriptura
1479 1980 1495 2015 ε
1536 1983 1564 2010 «
1591 1957 1661 2014 Et
1692 1957 1829 2016 dixit

102 2069 128 2096 >2
150 2044 421 2102 Dominus
437 2044 507 2102 ad
531 2044 814 2102 Abraham
835 2090 850 2116 ‚
878 2045 1063 2116 Quare
1083 2045 1201 2103 risit
1228 2045 1362 2103 Sara
1383 2046 1442 2104 in
1465 2045 1785 2126 semetipsa?
1800 2074 1827 2100 »

100 2145 153 2189 et
181 2146 376 2190 caetera
404 2153 574 2212 usque
609 2132 679 2191 ad
707 2134 870 2191 finem
888 2179 903 2204 ‚
943 2146 1208 2214 tanquam
1239 2153 1381 2191 unus
1409 2133 1681 2192 Dominus
1711 2135 1829 2192 sin-

101 2220 360 2294 gulariter
379 2220 646 2300 loquitur.
682 2222 761 2279 Ac
789 2234 916 2300 post
942 2221 1064 2279 haee
1090 2268 1106 2294 ‚
1159 2234 1222 2279 ut
1266 2219 1517 2280 hominesr
1540 2221 1829 2302 pluraliter

101 2307 252 2366 abire
270 2322 586 2379 narrantur,
606 2320 660 2366 et
681 2307 886 2367 dicitur
912 2331 926 2366 ε
957 2335 984 2361 «
999 2310 1331 2385 Exurgentes
1352 2322 1534 2368 autem
1554 2309 1682 2368 inde
1697 2310 1825 2382 viri,

100 2421 127 2447 ›>
154 2409 550 2478 conspexerunt
597 2397 656 2455 in
701 2396 900 2456 faciem
934 2397 1300 2457 Sodomorum
1346 2412 1401 2457 et
1451 2398 1780 2458 Gomorrhae
1806 2446 1823 2471 ‚

99 2510 126 2536 >›
158 2486 440 2543 Abrabam
470 2506 600 2544 vero
630 2485 957 2546 ambulabat
978 2487 1237 2546 cumillis
1258 2486 1533 2546 deducens
1548 2487 1590 2547 3.
1618 2489 1828 2547 »Rur-

97 2595 185 2632 sus
214 2587 398 2633 autem
434 2574 576 2633 redit
607 2574 896 2656 Scriptura
926 2576 996 2635 ad
1026 2575 1356 2653 singularem
1383 2597 1675 2636 numerum
1695 2623 1717 2652 ¹,
1763 2599 1828 2636 ac

96 2660 232 2720 dicit
254 2684 268 2719 ε
293 2689 319 2716 ε(
337 2663 607 2721 Dominus
629 2676 811 2722 autem
833 2664 996 2736 dixit,
1024 2664 1313 2745 Numquid
1328 2663 1521 2725 celabo
1541 2686 1639 2741 ego
1654 2685 1829 2745 puero

97 2774 124 2802 ›>
152 2770 273 2807 meo
317 2750 603 2809 Abraham
635 2765 760 2832 quae
794 2774 892 2828 ego
931 2751 1076 2811 facio
1106 2751 1149 2813 4.
1175 2779 1203 2806 »
1234 2752 1446 2811 Deinde
1479 2753 1827 2832 promittitur

98 2836 342 2895 Abrahae
371 2837 641 2917 praeclara
667 2853 722 2898 et
750 2840 974 2920 copiosa
1015 2833 1333 2922 posterita’S,
1367 2853 1420 2899 et
1458 2839 1827 2899 Sodomorum

97 2924 452 2983 denuntiatur
470 2925 737 2988 interitus,
764 2928 1006 3009 Sequens
1022 2942 1202 2988 autem
1222 2929 1510 3011 Scriptura
1530 2928 1666 2988 dicit
1683 2952 1697 2988 ε
1713 2956 1738 2984 «
1755 2930 1827 2988 Et

96 3039 123 3066 »
148 3015 396 3073 conversi
410 3014 536 3072 inde
548 3015 674 3088 viri,
695 3019 1033 3077 veneruntin
1056 3019 1318 3093 Sodoma,
1337 3019 1621 3080 Abraham
1634 3034 1825 3095 ‚autem

98 3127 124 3155 ›>
144 3115 256 3160 erat
269 3102 455 3162 adhuc
470 3115 615 3162 stans
631 3117 752 3164 ante
766 3107 1086 3167 Dominum.
1100 3110 1171 3166 Et
1185 3107 1522 3190 appropians
1532 3108 1820 3169 Abraham

157 3208 170 3234 ¹
207 3207 314 3250 Gen.
338 3220 456 3258 xvm,
483 3213 526 3263 4,
547 3208 590 3253 5.
613 3228 669 3240 —
689 3206 710 3236 2
729 3207 837 3252 Ibid.
859 3225 903 3264 9.
930 3233 982 3243 —
1006 3208 1155 3256 ³1bid.
1186 3213 1256 3255 16.
1274 3234 1333 3245 -
1354 3208 1373 3242 ⁴
1394 3210 1500 3253 1bid.
1526 3226 1594 3263 17.
