<?xml version="1.0" encoding="UTF-8"?>
<!DOCTYPE html PUBLIC "-//W3C//DTD XHTML 1.0 Transitional//EN"
    "http://www.w3.org/TR/xhtml1/DTD/xhtml1-transitional.dtd">
<html xmlns="http://www.w3.org/1999/xhtml" xml:lang="en" lang="en">
 <head>
  <title>
</title>
<meta http-equiv="Content-Type" content="text/html;charset=utf-8" />
  <meta name='ocr-system' content='tesseract 3.04.00' />
  <meta name='ocr-capabilities' content='ocr_page ocr_carea ocr_par ocr_line ocrx_word'/>
</head>
<body>
  <div class='ocr_page' id='page_1' title='image "./operaomniaaccura30auguuoft_0159.png"; bbox 0 0 2144 3808; ppageno 0'>
   <div class='ocr_carea' id='block_1_1' title="bbox 373 324 1854 403">
    <p class='ocr_par' dir='ltr' id='par_1_1' title="bbox 373 324 1854 403">
     <span class='ocr_line' id='line_1_1' title="bbox 373 324 1854 403; baseline 0.001 -23"><span class='ocrx_word' id='word_1_1' title='bbox 373 342 591 382; x_wconf 63' lang='lat' dir='ltr'><strong>comm</strong></span> <span class='ocrx_word' id='word_1_2' title='bbox 634 341 966 382; x_wconf 68' lang='lat' dir='ltr'><strong>mximum</strong></span> <span class='ocrx_word' id='word_1_3' title='bbox 1018 331 1299 391; x_wconf 64' lang='lat' dir='ltr'><strong>Ammon,</strong></span> <span class='ocrx_word' id='word_1_4' title='bbox 1346 340 1459 380; x_wconf 78' lang='lat' dir='ltr'><strong>Lm.</strong></span> <span class='ocrx_word' id='word_1_5' title='bbox 1510 342 1574 382; x_wconf 82' lang='grc'><strong>11.</strong></span> <span class='ocrx_word' id='word_1_6' title='bbox 1741 324 1854 403; x_wconf 77' lang='grc'><strong>149</strong></span> 
     </span>
    </p>
   </div>
   <div class='ocr_carea' id='block_1_2' title="bbox 121 419 1863 2451">
    <p class='ocr_par' dir='ltr' id='par_1_2' title="bbox 121 419 1863 2451">
     <span class='ocr_line' id='line_1_2' title="bbox 131 419 1854 504; baseline 0.001 -22"><span class='ocrx_word' id='word_1_7' title='bbox 131 424 270 496; x_wconf 84' lang='lat' dir='ltr'><strong>Quis</strong></span> <span class='ocrx_word' id='word_1_8' title='bbox 301 425 444 483; x_wconf 89' lang='lat' dir='ltr'><strong>enim</strong></span> <span class='ocrx_word' id='word_1_9' title='bbox 477 425 586 482; x_wconf 87' lang='lat' dir='ltr'><strong>hoc</strong></span> <span class='ocrx_word' id='word_1_10' title='bbox 620 423 813 481; x_wconf 85' lang='lat' dir='ltr'>dixerit</span> <span class='ocrx_word' id='word_1_11' title='bbox 837 441 1029 504; x_wconf 88' lang='lat' dir='ltr'><strong>quaero</strong></span> <span class='ocrx_word' id='word_1_12' title='bbox 1053 467 1066 492; x_wconf 89' lang='lat'><strong><em>‚</em></strong></span> <span class='ocrx_word' id='word_1_13' title='bbox 1092 433 1281 479; x_wconf 90' lang='lat' dir='ltr'><strong>utrum</strong></span> <span class='ocrx_word' id='word_1_14' title='bbox 1314 422 1505 493; x_wconf 86' lang='lat' dir='ltr'><strong>Pater,</strong></span> <span class='ocrx_word' id='word_1_15' title='bbox 1542 443 1612 480; x_wconf 91' lang='lat' dir='ltr'><strong>an</strong></span> <span class='ocrx_word' id='word_1_16' title='bbox 1641 419 1854 483; x_wconf 72' lang='lat' dir='ltr'><strong>Filius?</strong></span> 
     </span>
     <span class='ocr_line' id='line_1_3' title="bbox 133 511 1859 588; baseline 0.001 -18"><span class='ocrx_word' id='word_1_17' title='bbox 133 513 189 570; x_wconf 87' lang='lat' dir='ltr'><strong>Si</strong></span> <span class='ocrx_word' id='word_1_18' title='bbox 229 518 388 570; x_wconf 85' lang='lat' dir='ltr'><strong>Pater</strong></span> <span class='ocrx_word' id='word_1_19' title='bbox 428 512 563 570; x_wconf 70' lang='lat' dir='ltr'><strong>dixit</strong></span> <span class='ocrx_word' id='word_1_20' title='bbox 591 535 605 570; x_wconf 75' lang='grc' dir='ltr'><strong>ε</strong></span> <span class='ocrx_word' id='word_1_21' title='bbox 652 539 679 566; x_wconf 88' lang='grc'>«</span> <span class='ocrx_word' id='word_1_22' title='bbox 714 513 830 588; x_wconf 86' lang='lat' dir='ltr'><strong>Ego</strong></span> <span class='ocrx_word' id='word_1_23' title='bbox 871 532 988 568; x_wconf 90' lang='lat' dir='ltr'><strong>sum</strong></span> <span class='ocrx_word' id='word_1_24' title='bbox 1034 511 1303 568; x_wconf 88' lang='lat' dir='ltr'>Dominus</span> <span class='ocrx_word' id='word_1_25' title='bbox 1325 556 1340 582; x_wconf 84' lang='lat'>,</span> <span class='ocrx_word' id='word_1_26' title='bbox 1375 523 1430 568; x_wconf 92' lang='lat' dir='ltr'><strong>et</strong></span> <span class='ocrx_word' id='word_1_27' title='bbox 1467 531 1579 568; x_wconf 94' lang='lat' dir='ltr'><strong>non</strong></span> <span class='ocrx_word' id='word_1_28' title='bbox 1614 524 1693 568; x_wconf 90' lang='lat' dir='ltr'><strong>est</strong></span> <span class='ocrx_word' id='word_1_29' title='bbox 1723 513 1859 572; x_wconf 88' lang='lat' dir='ltr'><strong>alius</strong></span> 
     </span>
     <span class='ocr_line' id='line_1_4' title="bbox 130 597 1858 680; baseline 0.003 -27"><span class='ocrx_word' id='word_1_30' title='bbox 130 627 156 654; x_wconf 83' lang='grc'>»</span> <span class='ocrx_word' id='word_1_31' title='bbox 178 614 381 680; x_wconf 81' lang='lat' dir='ltr'><strong>praeter</strong></span> <span class='ocrx_word' id='word_1_32' title='bbox 405 622 493 658; x_wconf 90' lang='lat' dir='ltr'><strong>me</strong></span> <span class='ocrx_word' id='word_1_33' title='bbox 519 622 533 657; x_wconf 88' lang='lat'>:</span> <span class='ocrx_word' id='word_1_34' title='bbox 561 626 587 653; x_wconf 73' lang='lat'><strong>&gt;2</strong></span> <span class='ocrx_word' id='word_1_35' title='bbox 607 621 721 658; x_wconf 90' lang='lat' dir='ltr'><strong>non</strong></span> <span class='ocrx_word' id='word_1_36' title='bbox 742 620 934 658; x_wconf 91' lang='lat' dir='ltr'><strong>verum</strong></span> <span class='ocrx_word' id='word_1_37' title='bbox 964 597 1100 656; x_wconf 86' lang='lat' dir='ltr'><strong>dixit</strong></span> <span class='ocrx_word' id='word_1_38' title='bbox 1122 645 1136 670; x_wconf 86' lang='lat'><strong><em>‚</em></strong></span> <span class='ocrx_word' id='word_1_39' title='bbox 1164 599 1294 679; x_wconf 88' lang='lat' dir='ltr'><strong>quia</strong></span> <span class='ocrx_word' id='word_1_40' title='bbox 1315 604 1395 656; x_wconf 79' lang='lat' dir='ltr'><strong>est</strong></span> <span class='ocrx_word' id='word_1_41' title='bbox 1422 598 1560 657; x_wconf 87' lang='lat' dir='ltr'><strong>alius</strong></span> <span class='ocrx_word' id='word_1_42' title='bbox 1585 599 1858 659; x_wconf 85' lang='lat' dir='ltr'><strong>Dominus</strong></span> 
     </span>
     <span class='ocr_line' id='line_1_5' title="bbox 130 686 1859 768; baseline 0.001 -24"><span class='ocrx_word' id='word_1_43' title='bbox 130 688 313 749; x_wconf 84' lang='lat' dir='ltr'><strong>Filius.</strong></span> <span class='ocrx_word' id='word_1_44' title='bbox 345 690 404 747; x_wconf 88' lang='lat' dir='ltr'><strong>Si</strong></span> <span class='ocrx_word' id='word_1_45' title='bbox 429 688 596 747; x_wconf 84' lang='lat' dir='ltr'><strong>Filius</strong></span> <span class='ocrx_word' id='word_1_46' title='bbox 618 688 730 747; x_wconf 86' lang='lat' dir='ltr'><strong>hoc</strong></span> <span class='ocrx_word' id='word_1_47' title='bbox 751 687 887 746; x_wconf 85' lang='lat' dir='ltr'><strong>dixit</strong></span> <span class='ocrx_word' id='word_1_48' title='bbox 913 709 927 744; x_wconf 90' lang='lat'>:</span> <span class='ocrx_word' id='word_1_49' title='bbox 957 709 1059 746; x_wconf 88' lang='lat' dir='ltr'><strong>nec</strong></span> <span class='ocrx_word' id='word_1_50' title='bbox 1084 687 1199 768; x_wconf 92' lang='lat' dir='ltr'><strong>ipse</strong></span> <span class='ocrx_word' id='word_1_51' title='bbox 1220 707 1410 747; x_wconf 89' lang='lat' dir='ltr'><strong>verum</strong></span> <span class='ocrx_word' id='word_1_52' title='bbox 1432 686 1568 745; x_wconf 84' lang='lat' dir='ltr'><strong>dixit</strong></span> <span class='ocrx_word' id='word_1_53' title='bbox 1582 732 1598 758; x_wconf 85' lang='lat'><strong>,</strong></span> <span class='ocrx_word' id='word_1_54' title='bbox 1625 687 1757 768; x_wconf 86' lang='lat' dir='ltr'><strong>quia</strong></span> <span class='ocrx_word' id='word_1_55' title='bbox 1778 701 1859 747; x_wconf 90' lang='lat' dir='ltr'><strong>est</strong></span> 
     </span>
     <span class='ocr_line' id='line_1_6' title="bbox 132 774 1860 857; baseline 0 -22"><span class='ocrx_word' id='word_1_56' title='bbox 132 776 266 835; x_wconf 83' lang='lat' dir='ltr'><strong>alius</strong></span> <span class='ocrx_word' id='word_1_57' title='bbox 298 778 566 836; x_wconf 90' lang='lat' dir='ltr'><strong>Dominus</strong></span> <span class='ocrx_word' id='word_1_58' title='bbox 591 778 772 835; x_wconf 86' lang='lat' dir='ltr'><strong>Pater.</strong></span> <span class='ocrx_word' id='word_1_59' title='bbox 811 776 871 834; x_wconf 92' lang='lat' dir='ltr'><strong>Si</strong></span> <span class='ocrx_word' id='word_1_60' title='bbox 894 790 1074 834; x_wconf 87' lang='lat' dir='ltr'><strong>autem</strong></span> <span class='ocrx_word' id='word_1_61' title='bbox 1102 775 1213 834; x_wconf 90' lang='grc'><strong>1100</strong></span> <span class='ocrx_word' id='word_1_62' title='bbox 1243 774 1380 834; x_wconf 86' lang='lat' dir='ltr'><strong>dixit</strong></span> <span class='ocrx_word' id='word_1_63' title='bbox 1408 775 1683 845; x_wconf 82' lang='lat' dir='ltr'><strong>Trinitas3</strong></span> <span class='ocrx_word' id='word_1_64' title='bbox 1719 797 1860 857; x_wconf 89' lang='lat' dir='ltr'><strong>pro-</strong></span> 
     </span>
     <span class='ocr_line' id='line_1_7' title="bbox 123 863 1859 937; baseline 0 -14"><span class='ocrx_word' id='word_1_65' title='bbox 123 864 264 924; x_wconf 86' lang='lat' dir='ltr'><strong>fecto</strong></span> <span class='ocrx_word' id='word_1_66' title='bbox 290 880 344 923; x_wconf 86' lang='lat' dir='ltr'><strong>et</strong></span> <span class='ocrx_word' id='word_1_67' title='bbox 371 886 563 925; x_wconf 89' lang='lat' dir='ltr'><strong>verum</strong></span> <span class='ocrx_word' id='word_1_68' title='bbox 583 865 745 937; x_wconf 85' lang='lat' dir='ltr'><strong>dixit,</strong></span> <span class='ocrx_word' id='word_1_69' title='bbox 777 879 832 924; x_wconf 93' lang='lat' dir='ltr'><strong>et</strong></span> <span class='ocrx_word' id='word_1_70' title='bbox 851 885 946 925; x_wconf 89' lang='lat' dir='ltr'><strong>vos</strong></span> <span class='ocrx_word' id='word_1_71' title='bbox 967 864 1162 924; x_wconf 89' lang='lat' dir='ltr'><strong>falsum</strong></span> <span class='ocrx_word' id='word_1_72' title='bbox 1186 863 1368 923; x_wconf 83' lang='lat' dir='ltr'><strong>dicere</strong></span> <span class='ocrx_word' id='word_1_73' title='bbox 1389 863 1643 924; x_wconf 85' lang='lat' dir='ltr'><strong>ostendit.</strong></span> <span class='ocrx_word' id='word_1_74' title='bbox 1674 864 1859 923; x_wconf 90' lang='lat' dir='ltr'><strong>Trini-</strong></span> 
     </span>
     <span class='ocr_line' id='line_1_8' title="bbox 123 953 1859 1035; baseline 0.001 -23"><span class='ocrx_word' id='word_1_75' title='bbox 123 967 204 1012; x_wconf 86' lang='lat' dir='ltr'><strong>tas</strong></span> <span class='ocrx_word' id='word_1_76' title='bbox 219 955 428 1035; x_wconf 81' lang='lat' dir='ltr'><strong>quippe</strong></span> <span class='ocrx_word' id='word_1_77' title='bbox 444 954 745 1014; x_wconf 89' lang='lat' dir='ltr'><strong>secundum</strong></span> <span class='ocrx_word' id='word_1_78' title='bbox 765 967 970 1013; x_wconf 88' lang='lat' dir='ltr'><strong>rectam</strong></span> <span class='ocrx_word' id='word_1_79' title='bbox 987 954 1153 1013; x_wconf 89' lang='lat' dir='ltr'><strong>fidem</strong></span> <span class='ocrx_word' id='word_1_80' title='bbox 1173 1000 1188 1026; x_wconf 84' lang='lat'><strong><em>,</em></strong></span> <span class='ocrx_word' id='word_1_81' title='bbox 1211 954 1270 1013; x_wconf 93' lang='lat' dir='ltr'><strong>id</strong></span> <span class='ocrx_word' id='word_1_82' title='bbox 1294 967 1400 1026; x_wconf 86' lang='lat' dir='ltr'><strong>est,</strong></span> <span class='ocrx_word' id='word_1_83' title='bbox 1431 955 1594 1013; x_wconf 88' lang='lat' dir='ltr'><strong>Pater</strong></span> <span class='ocrx_word' id='word_1_84' title='bbox 1615 966 1670 1013; x_wconf 87' lang='lat' dir='ltr'><strong>et</strong></span> <span class='ocrx_word' id='word_1_85' title='bbox 1687 953 1859 1013; x_wconf 91' lang='lat' dir='ltr'><strong>Filius</strong></span> 
     </span>
     <span class='ocr_line' id='line_1_9' title="bbox 122 1043 1857 1124; baseline 0.001 -24"><span class='ocrx_word' id='word_1_86' title='bbox 122 1056 176 1101; x_wconf 92' lang='lat' dir='ltr'><strong>et</strong></span> <span class='ocrx_word' id='word_1_87' title='bbox 201 1043 437 1124; x_wconf 85' lang='lat' dir='ltr'><strong>Spiritus</strong></span> <span class='ocrx_word' id='word_1_88' title='bbox 457 1045 678 1102; x_wconf 65' lang='lat' dir='ltr'><strong>sanetus</strong></span> <span class='ocrx_word' id='word_1_89' title='bbox 692 1090 707 1115; x_wconf 86' lang='lat'>‚</span> <span class='ocrx_word' id='word_1_90' title='bbox 735 1044 793 1102; x_wconf 92' lang='lat' dir='ltr'><strong>in</strong></span> <span class='ocrx_word' id='word_1_91' title='bbox 811 1049 968 1121; x_wconf 82' lang='lat' dir='ltr'><strong>cujus</strong></span> <span class='ocrx_word' id='word_1_92' title='bbox 985 1043 1206 1102; x_wconf 84' lang='lat' dir='ltr'><strong>nornine</strong></span> <span class='ocrx_word' id='word_1_93' title='bbox 1225 1043 1599 1124; x_wconf 84' lang='lat' dir='ltr'><strong>baptizamur,</strong></span> <span class='ocrx_word' id='word_1_94' title='bbox 1625 1055 1680 1101; x_wconf 89' lang='lat' dir='ltr'><strong>et</strong></span> <span class='ocrx_word' id='word_1_95' title='bbox 1714 1062 1857 1102; x_wconf 88' lang='lat' dir='ltr'><strong>unus</strong></span> 
     </span>
     <span class='ocr_line' id='line_1_10' title="bbox 124 1130 1848 1212; baseline 0.001 -24"><span class='ocrx_word' id='word_1_96' title='bbox 124 1131 391 1189; x_wconf 88' lang='lat' dir='ltr'><strong>Dominus</strong></span> <span class='ocrx_word' id='word_1_97' title='bbox 420 1132 566 1190; x_wconf 89' lang='lat' dir='ltr'><strong>Deus</strong></span> <span class='ocrx_word' id='word_1_98' title='bbox 584 1145 768 1191; x_wconf 88' lang='lat' dir='ltr'><strong>noster</strong></span> <span class='ocrx_word' id='word_1_99' title='bbox 798 1146 908 1205; x_wconf 81' lang='lat' dir='ltr'><strong>est,</strong></span> <span class='ocrx_word' id='word_1_100' title='bbox 934 1145 987 1190; x_wconf 93' lang='lat' dir='ltr'><strong>et</strong></span> <span class='ocrx_word' id='word_1_101' title='bbox 1004 1145 1206 1212; x_wconf 82' lang='lat' dir='ltr'><strong>praeter</strong></span> <span class='ocrx_word' id='word_1_102' title='bbox 1225 1131 1409 1212; x_wconf 89' lang='lat' dir='ltr'><strong>ipsum</strong></span> <span class='ocrx_word' id='word_1_103' title='bbox 1441 1130 1578 1190; x_wconf 82' lang='lat' dir='ltr'><strong>alius</strong></span> <span class='ocrx_word' id='word_1_104' title='bbox 1608 1152 1720 1189; x_wconf 92' lang='lat' dir='ltr'><strong>non</strong></span> <span class='ocrx_word' id='word_1_105' title='bbox 1749 1143 1848 1191; x_wconf 88' lang='lat' dir='ltr'><strong>est.</strong></span> 
     </span>
     <span class='ocr_line' id='line_1_11' title="bbox 123 1218 1859 1302; baseline 0.002 -27"><span class='ocrx_word' id='word_1_106' title='bbox 123 1219 248 1298; x_wconf 90' lang='lat' dir='ltr'><strong>lpse</strong></span> <span class='ocrx_word' id='word_1_107' title='bbox 277 1233 356 1277; x_wconf 86' lang='lat' dir='ltr'><strong>est</strong></span> <span class='ocrx_word' id='word_1_108' title='bbox 383 1220 527 1278; x_wconf 89' lang='lat' dir='ltr'><strong>enim</strong></span> <span class='ocrx_word' id='word_1_109' title='bbox 563 1221 706 1279; x_wconf 91' lang='lat' dir='ltr'><strong>Deus</strong></span> <span class='ocrx_word' id='word_1_110' title='bbox 727 1219 795 1278; x_wconf 93' lang='lat' dir='ltr'><strong>de</strong></span> <span class='ocrx_word' id='word_1_111' title='bbox 819 1241 932 1302; x_wconf 90' lang='lat' dir='ltr'><strong>quo</strong></span> <span class='ocrx_word' id='word_1_112' title='bbox 961 1219 1099 1278; x_wconf 90' lang='lat' dir='ltr'><strong>dicit</strong></span> <span class='ocrx_word' id='word_1_113' title='bbox 1128 1219 1423 1300; x_wconf 87' lang='lat' dir='ltr'><strong>Apostolus</strong></span> <span class='ocrx_word' id='word_1_114' title='bbox 1451 1241 1466 1276; x_wconf 75' lang='lat' dir='ltr'><strong>t</strong></span> <span class='ocrx_word' id='word_1_115' title='bbox 1506 1245 1534 1273; x_wconf 87' lang='lat'>«</span> <span class='ocrx_word' id='word_1_116' title='bbox 1557 1218 1757 1278; x_wconf 80' lang='lat' dir='ltr'><strong>Nullus</strong></span> <span class='ocrx_word' id='word_1_117' title='bbox 1776 1231 1859 1278; x_wconf 91' lang='lat' dir='ltr'><strong>est</strong></span> 
     </span>
     <span class='ocr_line' id='line_1_12' title="bbox 123 1306 1854 1388; baseline 0.001 -24"><span class='ocrx_word' id='word_1_118' title='bbox 123 1333 150 1359; x_wconf 85' lang='lat'>»</span> <span class='ocrx_word' id='word_1_119' title='bbox 174 1309 317 1365; x_wconf 93' lang='lat' dir='ltr'><strong>Deus</strong></span> <span class='ocrx_word' id='word_1_120' title='bbox 346 1308 450 1366; x_wconf 90' lang='lat' dir='ltr'><strong>nisi</strong></span> <span class='ocrx_word' id='word_1_121' title='bbox 478 1307 675 1368; x_wconf 68' lang='grc'><strong>11111151.</strong></span> <span class='ocrx_word' id='word_1_122' title='bbox 706 1335 733 1362; x_wconf 87' lang='lat'>»</span> <span class='ocrx_word' id='word_1_123' title='bbox 763 1310 905 1366; x_wconf 87' lang='lat' dir='ltr'><strong>Nam</strong></span> <span class='ocrx_word' id='word_1_124' title='bbox 934 1309 978 1366; x_wconf 92' lang='lat' dir='ltr'><strong>si</strong></span> <span class='ocrx_word' id='word_1_125' title='bbox 1011 1308 1123 1366; x_wconf 88' lang='lat' dir='ltr'><strong>hoc</strong></span> <span class='ocrx_word' id='word_1_126' title='bbox 1155 1308 1223 1366; x_wconf 94' lang='lat' dir='ltr'><strong>de</strong></span> <span class='ocrx_word' id='word_1_127' title='bbox 1256 1313 1416 1366; x_wconf 87' lang='lat' dir='ltr'><strong>Patre</strong></span> <span class='ocrx_word' id='word_1_128' title='bbox 1439 1307 1712 1388; x_wconf 87' lang='lat' dir='ltr'><strong>acceperis</strong></span> <span class='ocrx_word' id='word_1_129' title='bbox 1736 1306 1854 1366; x_wconf 88' lang='lat' dir='ltr'><strong>dic-</strong></span> 
     </span>
     <span class='ocr_line' id='line_1_13' title="bbox 123 1394 1854 1476; baseline 0.001 -24"><span class='ocrx_word' id='word_1_130' title='bbox 123 1407 243 1452; x_wconf 89' lang='lat' dir='ltr'><strong>tum</strong></span> <span class='ocrx_word' id='word_1_131' title='bbox 262 1441 277 1467; x_wconf 91' lang='lat'><strong><em>,</em></strong></span> <span class='ocrx_word' id='word_1_132' title='bbox 310 1417 421 1454; x_wconf 93' lang='lat' dir='ltr'><strong>non</strong></span> <span class='ocrx_word' id='word_1_133' title='bbox 447 1397 552 1454; x_wconf 88' lang='lat' dir='ltr'><strong>tibi</strong></span> <span class='ocrx_word' id='word_1_134' title='bbox 586 1397 688 1454; x_wconf 85' lang='lat' dir='ltr'><strong>erit</strong></span> <span class='ocrx_word' id='word_1_135' title='bbox 716 1397 862 1454; x_wconf 91' lang='lat' dir='ltr'><strong>Deus</strong></span> <span class='ocrx_word' id='word_1_136' title='bbox 893 1396 1148 1455; x_wconf 84' lang='lat' dir='ltr'><strong>Christus</strong></span> <span class='ocrx_word' id='word_1_137' title='bbox 1166 1442 1180 1468; x_wconf 89' lang='lat'><strong>,</strong></span> <span class='ocrx_word' id='word_1_138' title='bbox 1213 1396 1344 1476; x_wconf 86' lang='lat' dir='ltr'><strong>quia</strong></span> <span class='ocrx_word' id='word_1_139' title='bbox 1371 1417 1486 1454; x_wconf 88' lang='lat' dir='ltr'><strong>non</strong></span> <span class='ocrx_word' id='word_1_140' title='bbox 1515 1407 1696 1476; x_wconf 88' lang='lat' dir='ltr'><strong>potest</strong></span> <span class='ocrx_word' id='word_1_141' title='bbox 1713 1394 1854 1454; x_wconf 90' lang='lat' dir='ltr'><strong>solvi</strong></span> 
     </span>
     <span class='ocr_line' id='line_1_14' title="bbox 123 1482 1861 1564; baseline -0.001 -23"><span class='ocrx_word' id='word_1_142' title='bbox 123 1484 411 1564; x_wconf 83' lang='lat' dir='ltr'><strong>Scriptura</strong></span> <span class='ocrx_word' id='word_1_143' title='bbox 430 1531 444 1556; x_wconf 90' lang='lat'>‚</span> <span class='ocrx_word' id='word_1_144' title='bbox 475 1484 663 1543; x_wconf 90' lang='lat' dir='ltr'><strong>dicens</strong></span> <span class='ocrx_word' id='word_1_145' title='bbox 689 1506 704 1541; x_wconf 90' lang='lat'>:</span> <span class='ocrx_word' id='word_1_146' title='bbox 742 1484 939 1542; x_wconf 87' lang='lat' dir='ltr'><strong>Nullus</strong></span> <span class='ocrx_word' id='word_1_147' title='bbox 965 1486 1110 1542; x_wconf 90' lang='lat' dir='ltr'><strong>Deus</strong></span> <span class='ocrx_word' id='word_1_148' title='bbox 1137 1484 1242 1542; x_wconf 88' lang='lat' dir='ltr'><strong>nisi</strong></span> <span class='ocrx_word' id='word_1_149' title='bbox 1273 1504 1415 1541; x_wconf 93' lang='lat' dir='ltr'><strong>unus</strong></span> <span class='ocrx_word' id='word_1_150' title='bbox 1449 1505 1463 1541; x_wconf 89' lang='lat'>:</span> <span class='ocrx_word' id='word_1_151' title='bbox 1499 1495 1562 1541; x_wconf 90' lang='lat' dir='ltr'><strong>ut</strong></span> <span class='ocrx_word' id='word_1_152' title='bbox 1581 1482 1678 1541; x_wconf 88' lang='lat' dir='ltr'><strong>hic</strong></span> <span class='ocrx_word' id='word_1_153' title='bbox 1699 1482 1861 1542; x_wconf 89' lang='lat' dir='ltr'><strong>vobis</strong></span> 
     </span>
     <span class='ocr_line' id='line_1_15' title="bbox 125 1570 1862 1653; baseline -0.001 -25"><span class='ocrx_word' id='word_1_154' title='bbox 125 1584 333 1631; x_wconf 85' lang='lat' dir='ltr'><strong>taceam</strong></span> <span class='ocrx_word' id='word_1_155' title='bbox 379 1573 447 1631; x_wconf 91' lang='lat' dir='ltr'><strong>de</strong></span> <span class='ocrx_word' id='word_1_156' title='bbox 499 1573 712 1653; x_wconf 85' lang='lat' dir='ltr'><strong>Spiritu</strong></span> <span class='ocrx_word' id='word_1_157' title='bbox 764 1586 952 1630; x_wconf 88' lang='grc'><strong>5311010</strong></span> <span class='ocrx_word' id='word_1_158' title='bbox 977 1618 991 1643; x_wconf 95' lang='grc'><strong>,</strong></span> <span class='ocrx_word' id='word_1_159' title='bbox 1041 1593 1203 1652; x_wconf 81' lang='lat' dir='ltr'><strong>quem</strong></span> <span class='ocrx_word' id='word_1_160' title='bbox 1254 1571 1507 1652; x_wconf 89' lang='lat' dir='ltr'><strong>superius</strong></span> <span class='ocrx_word' id='word_1_161' title='bbox 1557 1570 1862 1629; x_wconf 88' lang='lat' dir='ltr'><strong>Dominum</strong></span> 
     </span>
     <span class='ocr_line' id='line_1_16' title="bbox 127 1657 1863 1740; baseline -0.001 -23"><span class='ocrx_word' id='word_1_162' title='bbox 127 1662 300 1719; x_wconf 90' lang='lat' dir='ltr'><strong>Deum</strong></span> <span class='ocrx_word' id='word_1_163' title='bbox 325 1661 659 1720; x_wconf 89' lang='lat' dir='ltr'><strong>ostendimus</strong></span> <span class='ocrx_word' id='word_1_164' title='bbox 677 1708 692 1733; x_wconf 85' lang='lat'><strong><em>‚</em></strong></span> <span class='ocrx_word' id='word_1_165' title='bbox 718 1661 877 1721; x_wconf 84' lang='lat' dir='ltr'><strong>vobis</strong></span> <span class='ocrx_word' id='word_1_166' title='bbox 903 1661 1249 1737; x_wconf 80' lang='lat' dir='ltr'><strong>negantibus,</strong></span> <span class='ocrx_word' id='word_1_167' title='bbox 1289 1660 1647 1740; x_wconf 87' lang='lat' dir='ltr'><strong>Quapropter</strong></span> <span class='ocrx_word' id='word_1_168' title='bbox 1673 1657 1717 1716; x_wconf 91' lang='lat' dir='ltr'><strong>si</strong></span> <span class='ocrx_word' id='word_1_169' title='bbox 1742 1659 1863 1716; x_wconf 89' lang='lat' dir='ltr'><strong>Ma-</strong></span> 
     </span>
     <span class='ocr_line' id='line_1_17' title="bbox 121 1748 1857 1830; baseline -0.001 -24"><span class='ocrx_word' id='word_1_170' title='bbox 121 1749 412 1808; x_wconf 85' lang='lat' dir='ltr'><strong>cedoniani</strong></span> <span class='ocrx_word' id='word_1_171' title='bbox 439 1750 688 1808; x_wconf 75' lang='lat' dir='ltr'><strong>haeretiei</strong></span> <span class='ocrx_word' id='word_1_172' title='bbox 717 1749 894 1808; x_wconf 89' lang='lat' dir='ltr'><strong>essetis</strong></span> <span class='ocrx_word' id='word_1_173' title='bbox 914 1795 928 1820; x_wconf 87' lang='lat'>‚</span> <span class='ocrx_word' id='word_1_174' title='bbox 952 1749 1051 1830; x_wconf 90' lang='lat' dir='ltr'><strong>qui</strong></span> <span class='ocrx_word' id='word_1_175' title='bbox 1072 1748 1140 1807; x_wconf 93' lang='lat' dir='ltr'><strong>de</strong></span> <span class='ocrx_word' id='word_1_176' title='bbox 1170 1748 1284 1807; x_wconf 93' lang='lat' dir='ltr'><strong>solo</strong></span> <span class='ocrx_word' id='word_1_177' title='bbox 1319 1748 1532 1829; x_wconf 87' lang='lat' dir='ltr'><strong>Spiritu</strong></span> <span class='ocrx_word' id='word_1_178' title='bbox 1544 1759 1746 1827; x_wconf 27' lang='lat' dir='ltr'><strong>,sancto</strong></span> <span class='ocrx_word' id='word_1_179' title='bbox 1767 1767 1857 1804; x_wconf 85' lang='lat' dir='ltr'><strong>ca·</strong></span> 
     </span>
     <span class='ocr_line' id='line_1_18' title="bbox 122 1835 1859 1907; baseline -0.002 -11"><span class='ocrx_word' id='word_1_180' title='bbox 122 1837 349 1898; x_wconf 87' lang='lat' dir='ltr'><strong>tholicae</strong></span> <span class='ocrx_word' id='word_1_181' title='bbox 393 1838 523 1898; x_wconf 87' lang='lat' dir='ltr'><strong>fidei</strong></span> <span class='ocrx_word' id='word_1_182' title='bbox 567 1840 870 1899; x_wconf 88' lang='lat' dir='ltr'><strong>consentire</strong></span> <span class='ocrx_word' id='word_1_183' title='bbox 898 1838 1207 1897; x_wconf 88' lang='lat' dir='ltr'><strong>detrectant</strong></span> <span class='ocrx_word' id='word_1_184' title='bbox 1228 1885 1242 1907; x_wconf 90' lang='lat'>‚</span> <span class='ocrx_word' id='word_1_185' title='bbox 1276 1838 1499 1895; x_wconf 81' lang='lat' dir='ltr'><strong>Patrem</strong></span> <span class='ocrx_word' id='word_1_186' title='bbox 1521 1857 1649 1896; x_wconf 87' lang='lat' dir='ltr'><strong>vero</strong></span> <span class='ocrx_word' id='word_1_187' title='bbox 1678 1849 1730 1894; x_wconf 90' lang='lat' dir='ltr'><strong>et</strong></span> <span class='ocrx_word' id='word_1_188' title='bbox 1761 1835 1859 1893; x_wconf 91' lang='lat' dir='ltr'><strong>Fi-</strong></span> 
     </span>
     <span class='ocr_line' id='line_1_19' title="bbox 121 1923 1859 2008; baseline -0.001 -24"><span class='ocrx_word' id='word_1_189' title='bbox 121 1926 259 1985; x_wconf 91' lang='lat' dir='ltr'><strong>lium</strong></span> <span class='ocrx_word' id='word_1_190' title='bbox 305 1927 443 1986; x_wconf 91' lang='lat' dir='ltr'><strong>duos</strong></span> <span class='ocrx_word' id='word_1_191' title='bbox 480 1927 702 2008; x_wconf 87' lang='lat' dir='ltr'><strong>quidem</strong></span> <span class='ocrx_word' id='word_1_192' title='bbox 743 1949 885 1997; x_wconf 89' lang='lat' dir='ltr'><strong>esse,</strong></span> <span class='ocrx_word' id='word_1_193' title='bbox 926 1927 988 1986; x_wconf 91' lang='lat' dir='ltr'><strong>id</strong></span> <span class='ocrx_word' id='word_1_194' title='bbox 1025 1940 1142 1998; x_wconf 83' lang='lat' dir='ltr'><strong>est,</strong></span> <span class='ocrx_word' id='word_1_195' title='bbox 1192 1925 1353 1984; x_wconf 91' lang='lat' dir='ltr'><strong>illum</strong></span> <span class='ocrx_word' id='word_1_196' title='bbox 1396 1926 1648 1997; x_wconf 83' lang='lat' dir='ltr'><strong>Patrem,</strong></span> <span class='ocrx_word' id='word_1_197' title='bbox 1698 1923 1859 1984; x_wconf 85' lang='lat' dir='ltr'><strong>illum</strong></span> 
     </span>
     <span class='ocr_line' id='line_1_20' title="bbox 126 2013 1860 2098; baseline -0.001 -25"><span class='ocrx_word' id='word_1_198' title='bbox 126 2016 321 2075; x_wconf 85' lang='lat' dir='ltr'><strong>Filium</strong></span> <span class='ocrx_word' id='word_1_199' title='bbox 338 2063 351 2086; x_wconf 92' lang='lat'><strong>‚</strong></span> <span class='ocrx_word' id='word_1_200' title='bbox 377 2029 430 2075; x_wconf 90' lang='lat' dir='ltr'><strong>et</strong></span> <span class='ocrx_word' id='word_1_201' title='bbox 453 2016 691 2097; x_wconf 83' lang='lat' dir='ltr'><strong>aequales</strong></span> <span class='ocrx_word' id='word_1_202' title='bbox 710 2038 840 2089; x_wconf 83' lang='lat' dir='ltr'><strong>esse,</strong></span> <span class='ocrx_word' id='word_1_203' title='bbox 869 2029 1032 2098; x_wconf 79' lang='lat' dir='ltr'><strong>atque</strong></span> <span class='ocrx_word' id='word_1_204' title='bbox 1054 2018 1215 2085; x_wconf 86' lang='lat' dir='ltr'><strong>unius</strong></span> <span class='ocrx_word' id='word_1_205' title='bbox 1240 2014 1592 2096; x_wconf 80' lang='lat' dir='ltr'><strong>ejusdemque</strong></span> <span class='ocrx_word' id='word_1_206' title='bbox 1609 2013 1860 2073; x_wconf 89' lang='lat' dir='ltr'><strong>substan-</strong></span> 
     </span>
     <span class='ocr_line' id='line_1_21' title="bbox 123 2101 1862 2176; baseline -0.002 -13"><span class='ocrx_word' id='word_1_207' title='bbox 123 2106 248 2176; x_wconf 85' lang='lat' dir='ltr'><strong>tiae,</strong></span> <span class='ocrx_word' id='word_1_208' title='bbox 289 2125 390 2163; x_wconf 87' lang='lat' dir='ltr'><strong>nec</strong></span> <span class='ocrx_word' id='word_1_209' title='bbox 435 2118 618 2163; x_wconf 89' lang='lat' dir='ltr'><strong>tamen</strong></span> <span class='ocrx_word' id='word_1_210' title='bbox 659 2105 798 2164; x_wconf 91' lang='lat' dir='ltr'><strong>duos</strong></span> <span class='ocrx_word' id='word_1_211' title='bbox 841 2105 1095 2173; x_wconf 86' lang='lat' dir='ltr'><strong>dominos</strong></span> <span class='ocrx_word' id='word_1_212' title='bbox 1139 2104 1305 2176; x_wconf 83' lang='grc'><strong>(1005,</strong></span> <span class='ocrx_word' id='word_1_213' title='bbox 1339 2103 1434 2162; x_wconf 90' lang='lat' dir='ltr'><strong>sed</strong></span> <span class='ocrx_word' id='word_1_214' title='bbox 1473 2103 1665 2162; x_wconf 89' lang='lat' dir='ltr'><strong>ambos</strong></span> <span class='ocrx_word' id='word_1_215' title='bbox 1697 2101 1862 2160; x_wconf 91' lang='lat' dir='ltr'><strong>simul</strong></span> 
     </span>
     <span class='ocr_line' id='line_1_22' title="bbox 123 2191 1863 2269; baseline -0.002 -17"><span class='ocrx_word' id='word_1_216' title='bbox 123 2215 295 2253; x_wconf 90' lang='lat' dir='ltr'><strong>unum</strong></span> <span class='ocrx_word' id='word_1_217' title='bbox 325 2194 627 2252; x_wconf 88' lang='lat' dir='ltr'><strong>Dominum</strong></span> <span class='ocrx_word' id='word_1_218' title='bbox 658 2196 834 2253; x_wconf 90' lang='lat' dir='ltr'><strong>Deum</strong></span> <span class='ocrx_word' id='word_1_219' title='bbox 874 2216 983 2252; x_wconf 89' lang='lat' dir='ltr'><strong>esse</strong></span> <span class='ocrx_word' id='word_1_220' title='bbox 1030 2192 1382 2251; x_wconf 85' lang='lat' dir='ltr'><strong>consentiunt</strong></span> <span class='ocrx_word' id='word_1_221' title='bbox 1409 2214 1423 2249; x_wconf 73' lang='grc' dir='ltr'><em>τ</em></span> <span class='ocrx_word' id='word_1_222' title='bbox 1459 2191 1503 2250; x_wconf 91' lang='grc'><strong>51</strong></span> <span class='ocrx_word' id='word_1_223' title='bbox 1530 2213 1656 2269; x_wconf 88' lang='lat' dir='ltr'><strong>ergo</strong></span> <span class='ocrx_word' id='word_1_224' title='bbox 1685 2204 1738 2249; x_wconf 90' lang='lat' dir='ltr'><strong>et</strong></span> <span class='ocrx_word' id='word_1_225' title='bbox 1763 2211 1863 2248; x_wconf 89' lang='lat' dir='ltr'><strong>vos</strong></span> 
     </span>
     <span class='ocr_line' id='line_1_23' title="bbox 122 2278 1860 2360; baseline -0.002 -21"><span class='ocrx_word' id='word_1_226' title='bbox 122 2282 309 2339; x_wconf 81' lang='lat' dir='ltr'><strong>saltem</strong></span> <span class='ocrx_word' id='word_1_227' title='bbox 340 2281 608 2340; x_wconf 89' lang='lat' dir='ltr'><strong>hactenus</strong></span> <span class='ocrx_word' id='word_1_228' title='bbox 631 2283 880 2340; x_wconf 87' lang='lat' dir='ltr'><strong>erraretis</strong></span> <span class='ocrx_word' id='word_1_229' title='bbox 895 2328 910 2353; x_wconf 84' lang='lat'>‚</span> <span class='ocrx_word' id='word_1_230' title='bbox 940 2303 1051 2340; x_wconf 88' lang='grc'><strong>11011</strong></span> <span class='ocrx_word' id='word_1_231' title='bbox 1080 2281 1270 2360; x_wconf 90' lang='lat' dir='ltr'><strong>utique</strong></span> <span class='ocrx_word' id='word_1_232' title='bbox 1291 2279 1379 2339; x_wconf 87' lang='lat' dir='ltr'><strong>his</strong></span> <span class='ocrx_word' id='word_1_233' title='bbox 1403 2278 1604 2338; x_wconf 86' lang='lat' dir='ltr'><strong>divinis</strong></span> <span class='ocrx_word' id='word_1_234' title='bbox 1627 2278 1860 2338; x_wconf 86' lang='lat' dir='ltr'><strong>vocibus</strong></span> 
     </span>
     <span class='ocr_line' id='line_1_24' title="bbox 124 2367 1860 2451; baseline -0.002 -24"><span class='ocrx_word' id='word_1_235' title='bbox 124 2369 466 2446; x_wconf 82' lang='lat' dir='ltr'><strong>urgeremini.</strong></span> <span class='ocrx_word' id='word_1_236' title='bbox 518 2371 740 2428; x_wconf 87' lang='lat' dir='ltr'><strong>Patrem</strong></span> <span class='ocrx_word' id='word_1_237' title='bbox 769 2371 981 2451; x_wconf 89' lang='lat' dir='ltr'><strong>quippe</strong></span> <span class='ocrx_word' id='word_1_238' title='bbox 1024 2383 1078 2427; x_wconf 89' lang='lat' dir='ltr'><strong>et</strong></span> <span class='ocrx_word' id='word_1_239' title='bbox 1119 2368 1319 2427; x_wconf 91' lang='lat' dir='ltr'><strong>Filium</strong></span> <span class='ocrx_word' id='word_1_240' title='bbox 1357 2367 1657 2427; x_wconf 88' lang='lat' dir='ltr'><strong>assereretis</strong></span> <span class='ocrx_word' id='word_1_241' title='bbox 1685 2387 1860 2425; x_wconf 90' lang='lat' dir='ltr'><strong>unum</strong></span> 
     </span>
    </p>
   </div>
   <div class='ocr_carea' id='block_1_3' title="bbox 33 2457 1860 2538">
    <p class='ocr_par' dir='ltr' id='par_1_3' title="bbox 33 2457 1860 2538">
     <span class='ocr_line' id='line_1_25' title="bbox 33 2457 1860 2538; baseline -0.002 -22"><span class='ocrx_word' id='word_1_242' title='bbox 33 2514 43 2525; x_wconf 74' lang='grc'><strong>,</strong></span> <span class='ocrx_word' id='word_1_243' title='bbox 122 2458 426 2516; x_wconf 82' lang='grc'><strong>1)011111111111</strong></span> <span class='ocrx_word' id='word_1_244' title='bbox 465 2458 641 2516; x_wconf 85' lang='grc' dir='ltr'><strong>Ι)011111</strong></span> <span class='ocrx_word' id='word_1_245' title='bbox 670 2457 861 2516; x_wconf 85' lang='lat' dir='ltr'><strong>dixisse</strong></span> <span class='ocrx_word' id='word_1_246' title='bbox 891 2480 905 2515; x_wconf 91' lang='lat'><strong>:</strong></span> <span class='ocrx_word' id='word_1_247' title='bbox 952 2483 980 2511; x_wconf 74' lang='grc' dir='ltr'><strong>ε(</strong></span> <span class='ocrx_word' id='word_1_248' title='bbox 1006 2459 1133 2516; x_wconf 88' lang='grc' dir='ltr'><strong>Νο11</strong></span> <span class='ocrx_word' id='word_1_249' title='bbox 1161 2470 1241 2515; x_wconf 89' lang='lat' dir='ltr'><strong>est</strong></span> <span class='ocrx_word' id='word_1_250' title='bbox 1284 2457 1420 2515; x_wconf 91' lang='lat' dir='ltr'><strong>alius</strong></span> <span class='ocrx_word' id='word_1_251' title='bbox 1458 2468 1663 2538; x_wconf 89' lang='lat' dir='ltr'><strong>praeter</strong></span> <span class='ocrx_word' id='word_1_252' title='bbox 1697 2476 1802 2514; x_wconf 88' lang='lat' dir='ltr'><strong>me.</strong></span> <span class='ocrx_word' id='word_1_253' title='bbox 1832 2481 1860 2507; x_wconf 86' lang='lat'>»</span> 
     </span>
    </p>
   </div>
   <div class='ocr_carea' id='block_1_4' title="bbox 122 2544 1863 3241">
    <p class='ocr_par' dir='ltr' id='par_1_4' title="bbox 122 2544 1862 3158">
     <span class='ocr_line' id='line_1_26' title="bbox 122 2544 1860 2623; baseline -0.001 -20"><span class='ocrx_word' id='word_1_254' title='bbox 122 2546 342 2604; x_wconf 85' lang='lat' dir='ltr'><strong>Utinam</strong></span> <span class='ocrx_word' id='word_1_255' title='bbox 371 2567 485 2603; x_wconf 91' lang='lat' dir='ltr'><strong>non</strong></span> <span class='ocrx_word' id='word_1_256' title='bbox 514 2559 740 2605; x_wconf 89' lang='lat' dir='ltr'><strong>restaret</strong></span> <span class='ocrx_word' id='word_1_257' title='bbox 773 2567 927 2623; x_wconf 87' lang='lat' dir='ltr'><strong>agere</strong></span> <span class='ocrx_word' id='word_1_258' title='bbox 953 2545 1246 2606; x_wconf 85' lang='lat' dir='ltr'><strong>vobiscum</strong></span> <span class='ocrx_word' id='word_1_259' title='bbox 1270 2590 1286 2617; x_wconf 92' lang='lat'>‚</span> <span class='ocrx_word' id='word_1_260' title='bbox 1313 2545 1418 2603; x_wconf 92' lang='lat' dir='ltr'><strong>nisi</strong></span> <span class='ocrx_word' id='word_1_261' title='bbox 1439 2557 1502 2603; x_wconf 94' lang='lat' dir='ltr'><strong>ut</strong></span> <span class='ocrx_word' id='word_1_262' title='bbox 1532 2544 1860 2621; x_wconf 84' lang='lat' dir='ltr'><strong>adjungere-</strong></span> 
     </span>
     <span class='ocr_line' id='line_1_27' title="bbox 123 2632 1858 2715; baseline -0.002 -23"><span class='ocrx_word' id='word_1_263' title='bbox 123 2635 190 2692; x_wconf 86' lang='lat' dir='ltr'><strong>tis</strong></span> <span class='ocrx_word' id='word_1_264' title='bbox 214 2634 483 2715; x_wconf 88' lang='lat' dir='ltr'><strong>Spiritum</strong></span> <span class='ocrx_word' id='word_1_265' title='bbox 506 2647 755 2693; x_wconf 86' lang='lat' dir='ltr'><strong>sanctum</strong></span> <span class='ocrx_word' id='word_1_266' title='bbox 771 2681 786 2707; x_wconf 84' lang='lat'><strong><em>,</em></strong></span> <span class='ocrx_word' id='word_1_267' title='bbox 814 2648 867 2693; x_wconf 87' lang='lat' dir='ltr'><strong>et</strong></span> <span class='ocrx_word' id='word_1_268' title='bbox 890 2655 1002 2693; x_wconf 92' lang='lat' dir='ltr'><strong>non</strong></span> <span class='ocrx_word' id='word_1_269' title='bbox 1027 2633 1350 2692; x_wconf 87' lang='lat' dir='ltr'><strong>dualitatem</strong></span> <span class='ocrx_word' id='word_1_270' title='bbox 1369 2679 1384 2707; x_wconf 87' lang='lat'><strong>,</strong></span> <span class='ocrx_word' id='word_1_271' title='bbox 1415 2632 1507 2692; x_wconf 88' lang='lat' dir='ltr'><strong>sed</strong></span> <span class='ocrx_word' id='word_1_272' title='bbox 1529 2632 1858 2691; x_wconf 83' lang='lat' dir='ltr'><strong>Trinitatem</strong></span> 
     </span>
     <span class='ocr_line' id='line_1_28' title="bbox 123 2721 1862 2782; baseline -0.002 -1"><span class='ocrx_word' id='word_1_273' title='bbox 123 2721 373 2781; x_wconf 86' lang='lat' dir='ltr'><strong>diceretis</strong></span> <span class='ocrx_word' id='word_1_274' title='bbox 402 2743 578 2781; x_wconf 90' lang='lat' dir='ltr'><strong>unum</strong></span> <span class='ocrx_word' id='word_1_275' title='bbox 601 2724 902 2782; x_wconf 90' lang='lat' dir='ltr'><strong>Dominum</strong></span> <span class='ocrx_word' id='word_1_276' title='bbox 932 2725 1130 2782; x_wconf 87' lang='lat' dir='ltr'><strong>Deum.</strong></span> <span class='ocrx_word' id='word_1_277' title='bbox 1168 2724 1216 2781; x_wconf 92' lang='lat' dir='ltr'>N</span> <span class='ocrx_word' id='word_1_278' title='bbox 1226 2743 1331 2781; x_wconf 88' lang='grc'><strong>11110</strong></span> <span class='ocrx_word' id='word_1_279' title='bbox 1359 2744 1489 2782; x_wconf 90' lang='lat' dir='ltr'><strong>vero</strong></span> <span class='ocrx_word' id='word_1_280' title='bbox 1512 2742 1641 2780; x_wconf 86' lang='lat' dir='ltr'><strong>curn</strong></span> <span class='ocrx_word' id='word_1_281' title='bbox 1670 2721 1747 2779; x_wconf 91' lang='lat' dir='ltr'><strong>sic</strong></span> <span class='ocrx_word' id='word_1_282' title='bbox 1778 2739 1862 2778; x_wconf 88' lang='lat' dir='ltr'><strong>as-</strong></span> 
     </span>
     <span class='ocr_line' id='line_1_29' title="bbox 123 2809 1861 2884; baseline -0.002 -15"><span class='ocrx_word' id='word_1_283' title='bbox 123 2812 296 2870; x_wconf 85' lang='lat' dir='ltr'><strong>seritis</strong></span> <span class='ocrx_word' id='word_1_284' title='bbox 333 2815 550 2870; x_wconf 88' lang='lat' dir='ltr'><strong>Patrem</strong></span> <span class='ocrx_word' id='word_1_285' title='bbox 604 2813 909 2871; x_wconf 91' lang='lat' dir='ltr'><strong>Dominum</strong></span> <span class='ocrx_word' id='word_1_286' title='bbox 954 2815 1170 2884; x_wconf 83' lang='lat' dir='ltr'><strong>Deum,</strong></span> <span class='ocrx_word' id='word_1_287' title='bbox 1219 2825 1274 2870; x_wconf 91' lang='lat' dir='ltr'><strong>et</strong></span> <span class='ocrx_word' id='word_1_288' title='bbox 1317 2811 1517 2870; x_wconf 90' lang='lat' dir='ltr'><strong>Filium</strong></span> <span class='ocrx_word' id='word_1_289' title='bbox 1555 2809 1861 2868; x_wconf 90' lang='lat' dir='ltr'><strong>Dominum</strong></span> 
     </span>
     <span class='ocr_line' id='line_1_30' title="bbox 123 2899 1862 2971; baseline -0.002 -12"><span class='ocrx_word' id='word_1_290' title='bbox 123 2903 334 2971; x_wconf 83' lang='lat' dir='ltr'><strong>Deum,</strong></span> <span class='ocrx_word' id='word_1_291' title='bbox 383 2913 445 2957; x_wconf 93' lang='lat' dir='ltr'><strong>ut</strong></span> <span class='ocrx_word' id='word_1_292' title='bbox 486 2900 650 2960; x_wconf 89' lang='lat' dir='ltr'><strong>simul</strong></span> <span class='ocrx_word' id='word_1_293' title='bbox 700 2903 892 2961; x_wconf 88' lang='lat' dir='ltr'><strong>ambos</strong></span> <span class='ocrx_word' id='word_1_294' title='bbox 939 2924 1053 2961; x_wconf 88' lang='lat' dir='ltr'><strong>non</strong></span> <span class='ocrx_word' id='word_1_295' title='bbox 1105 2901 1300 2961; x_wconf 89' lang='lat' dir='ltr'><strong>dicatis</strong></span> <span class='ocrx_word' id='word_1_296' title='bbox 1342 2922 1518 2959; x_wconf 89' lang='lat' dir='ltr'><strong>unum</strong></span> <span class='ocrx_word' id='word_1_297' title='bbox 1557 2899 1862 2959; x_wconf 91' lang='lat' dir='ltr'><strong>Dominum</strong></span> 
     </span>
     <span class='ocr_line' id='line_1_31' title="bbox 123 2987 1859 3068; baseline -0.003 -20"><span class='ocrx_word' id='word_1_298' title='bbox 123 2990 340 3060; x_wconf 83' lang='lat' dir='ltr'><strong>Deum,</strong></span> <span class='ocrx_word' id='word_1_299' title='bbox 375 2987 468 3046; x_wconf 89' lang='lat' dir='ltr'><strong>sed</strong></span> <span class='ocrx_word' id='word_1_300' title='bbox 514 2987 681 3061; x_wconf 81' lang='lat' dir='ltr'><strong>duoS‚</strong></span> <span class='ocrx_word' id='word_1_301' title='bbox 727 2996 990 3068; x_wconf 86' lang='lat' dir='ltr'><strong>majorem</strong></span> <span class='ocrx_word' id='word_1_302' title='bbox 1026 3012 1230 3062; x_wconf 88' lang='lat' dir='ltr'><strong>unum,</strong></span> <span class='ocrx_word' id='word_1_303' title='bbox 1277 2990 1546 3048; x_wconf 86' lang='lat' dir='ltr'><strong>minorem</strong></span> <span class='ocrx_word' id='word_1_304' title='bbox 1591 2987 1859 3057; x_wconf 88' lang='lat' dir='ltr'><strong>alterum,</strong></span> 
     </span>
     <span class='ocr_line' id='line_1_32' title="bbox 123 3072 1859 3169; baseline -0.003 -34"><span class='ocrx_word' id='word_1_305' title='bbox 123 3097 348 3158; x_wconf 90' lang='lat' dir='ltr'><strong>prorsus</strong></span> <span class='ocrx_word' id='word_1_306' title='bbox 384 3075 750 3136; x_wconf 88' lang='lat' dir='ltr'><strong>consodimini</strong></span> <span class='ocrx_word' id='word_1_307' title='bbox 789 3078 969 3155; x_wconf 88' lang='lat' dir='ltr'><strong>gladio</strong></span> <span class='ocrx_word' id='word_1_308' title='bbox 1003 3079 1245 3139; x_wconf 84' lang='lat' dir='ltr'><strong>veritatis</strong></span> <span class='ocrx_word' id='word_1_309' title='bbox 1279 3077 1564 3136; x_wconf 82' lang='grc' dir='ltr'><strong>(110οη115·</strong></span> <span class='ocrx_word' id='word_1_310' title='bbox 1609 3100 1636 3129; x_wconf 78' lang='grc' dir='ltr'><strong>ε(</strong></span> <span class='ocrx_word' id='word_1_311' title='bbox 1673 3072 1859 3169; x_wconf 72' lang='grc' dir='ltr'><strong>Αιιᾶὶ,</strong></span> 
     </span>
    </p>

    <p class='ocr_par' dir='ltr' id='par_1_5' title="bbox 126 3159 1863 3241">
     <span class='ocr_line' id='line_1_33' title="bbox 126 3159 1863 3241; baseline 0 -20"><span class='ocrx_word' id='word_1_312' title='bbox 126 3163 380 3234; x_wconf 71' lang='lat' dir='ltr'><strong>ulsra‘el,</strong></span> <span class='ocrx_word' id='word_1_313' title='bbox 415 3164 686 3223; x_wconf 91' lang='lat' dir='ltr'><strong>Dominus</strong></span> <span class='ocrx_word' id='word_1_314' title='bbox 719 3167 863 3225; x_wconf 89' lang='lat' dir='ltr'><strong>Deus</strong></span> <span class='ocrx_word' id='word_1_315' title='bbox 903 3180 1029 3226; x_wconf 88' lang='lat' dir='ltr'><strong>tuus</strong></span> <span class='ocrx_word' id='word_1_316' title='bbox 1067 3166 1336 3226; x_wconf 84' lang='lat' dir='ltr'><strong>Dominus</strong></span> <span class='ocrx_word' id='word_1_317' title='bbox 1370 3186 1513 3224; x_wconf 87' lang='lat' dir='ltr'><strong>unus</strong></span> <span class='ocrx_word' id='word_1_318' title='bbox 1548 3176 1664 3223; x_wconf 88' lang='grc'><strong>051.</strong></span> <span class='ocrx_word' id='word_1_319' title='bbox 1692 3189 1719 3216; x_wconf 89' lang='lat'>»</span> <span class='ocrx_word' id='word_1_320' title='bbox 1765 3159 1863 3241; x_wconf 91' lang='lat' dir='ltr'><strong>qui</strong></span> 
     </span>
    </p>
   </div>
   <div class='ocr_carea' id='block_1_5' title="bbox 185 3269 538 3322">
    <p class='ocr_par' dir='ltr' id='par_1_6' title="bbox 185 3269 538 3322">
     <span class='ocr_line' id='line_1_34' title="bbox 185 3269 538 3322; baseline 0.003 -14"><span class='ocrx_word' id='word_1_321' title='bbox 185 3269 198 3298; x_wconf 74' lang='grc' dir='ltr'>Ι</span> <span class='ocrx_word' id='word_1_322' title='bbox 224 3283 239 3308; x_wconf 84' lang='grc'><strong>1</strong></span> <span class='ocrx_word' id='word_1_323' title='bbox 263 3269 358 3310; x_wconf 84' lang='lat' dir='ltr'><strong>Cor.</strong></span> <span class='ocrx_word' id='word_1_324' title='bbox 379 3282 468 3322; x_wconf 83' lang='lat' dir='ltr'><strong>vm,</strong></span> <span class='ocrx_word' id='word_1_325' title='bbox 498 3276 538 3315; x_wconf 79' lang='lat'><strong>4.</strong></span> 
     </span>
    </p>
   </div>
  </div>
 </body>
</html>
