2144 3808
251 260 370 328 266
781 283 828 324 s.
880 272 1191 325 Aueusnm
1230 267 1517 326 muscori*

242 365 513 428 occultius
546 369 869 448 operantes,
902 378 1179 425 assumant
1212 373 1274 425 ex
1312 363 1664 426 inferioribus
1709 361 1984 428 elementis

242 455 782 540 corpulentioribus,
822 455 976 538 quod
1012 456 1118 514 sibi
1157 467 1477 536 coaptatum
1499 505 1512 520 .
1552 457 1709 539 quasi
1739 457 1982 540 aliquam

242 558 444 607 vestem
470 557 684 605 mutent
707 559 761 605 et
781 551 994 605 vertant
1014 545 1072 603 in
1094 545 1373 626 quaslibet
1394 548 1600 627 species
1625 547 1941 629 corporales·
1967 587 1993 620 ‚›

243 637 407 695 etiam
443 637 589 717 ipsas
617 655 770 695 veras
788 683 803 708 ‚
837 636 980 694 sient
1002 657 1142 716 aqua
1169 654 1295 695 vera
1317 635 1376 693 in
1406 652 1598 695 verum
1625 638 1816 697 vinum
1847 659 1990 698 con-

243 742 395 785 versa
422 730 553 784 esta
578 723 853 784 Domin01
886 743 900 783 ἐ
933 748 1001 784 an
1026 726 1143 806 ipsa
1165 724 1399 807 pro-pria
1428 746 1661 807 corpora
1686 747 1781 784 sua
1818 737 1991 785 trans-

243 811 551 887 formentin
571 814 723 897 quod
741 814 1014 873 voluerint
1027 812 1440 873 accommodate
1453 814 1522 873 ad
1546 815 1603 873 id
1628 813 1780 896 quod
1797 827 1983 892 agunt.

247 902 355 961 Sed
392 903 682 983 quodlibet
712 902 914 962 horum
963 904 1032 962 sit
1059 950 1074 975 ‚
1128 902 1196 962 ad
1249 917 1575 984 praesentem
1626 903 1991 986 quaestionem

242 1004 357 1051 non
374 992 626 1074 pertinet.
662 996 729 1051 Et
746 994 996 1074 quamvis
1020 993 1166 1065 haec,
1191 993 1453 1073 quoniam
1477 993 1649 1052 homo
1671 1011 1816 1068 sum,
1835 987 1993 1053 nullo

246 1083 614 1162 experimento
638 1085 837 1162 possim
866 1081 1359 1162 comprehendere,
1382 1081 1725 1159 sicutAngeli
1749 1083 1847 1164 qui
1869 1077 1996 1142 haec

250 1183 449 1247 agunt,
480 1182 534 1229 et
550 1170 720 1248 magis
741 1192 802 1228 ea
828 1183 1032 1228 norunt
1066 1179 1232 1250 quam
1257 1191 1356 1246 ego
1388 1170 1517 1230 novi
1538 1217 1552 1242 ‚
1585 1180 1855 1253 quatenus
1882 1178 1998 1230 niu-

250 1267 396 1318 tetur
423 1271 627 1342 corpus
655 1268 835 1319 menni
871 1261 928 1318 i'n
960 1259 1159 1318 affectu
1196 1259 1494 1320 voluntatis
1517 1280 1684 1331 meae,
1713 1260 1823 1318 sive
1845 1257 1997 1340 quod

250 1350 310 1409 in
340 1372 426 1409 me
444 1397 458 1422 ,
487 1352 599 1409 sive
622 1350 774 1432 quod
807 1372 867 1414 ex
884 1348 1011 1408 'aliis
1041 1364 1289 1432 expertus
1316 1366 1434 1409 sum
1468 1370 1482 1408 t
1511 1346 1647 1432 quid
1676 1349 1878 1408 horuin
1909 1362 1999 1407 ta-

251 1458 379 1497 men
401 1461 463 1498 ex
490 1440 805 1499 divinarum
839 1439 1253 1523 Scripturarum
1293 1441 1716 1499 auctoritatibus
1741 1438 1959 1498 credam
1979 1486 1995 1512 ,

251 1538 402 1587 nunc
426 1540 538 1587 non
562 1539 703 1610 opus
723 1541 802 1588 est
832 1528 1035 1599 dicere,
1056 1551 1124 1605 ne
1145 1541 1314 1607 cogar
1334 1529 1574 1611 probare
1589 1577 1604 1600 ‚
1634 1539 1688 1588 'et
1707 1527 1805 1587 fiat
1826 1549 1998 1587 sermo

252 1614 466 1693 longior
495 1618 564 1677 de
591 1635 649 1677 re
677 1627 786 1699 q'ua
817 1631 930 1678 'n'on
951 1617 1163 1698 indiget
1189 1631 1433 1701 praesens'
1463 1617 1710 1700 quaestio

334 1686 432 1768 ›VL
480 1703 629 1767 Illud
674 1730 822 1768 nunc
867 1702 1172 1784 videndum
1222 1721 1337 1778 est,
1386 1721 1577 1767 utrum
1625 1699 1818 1784 Angeli
1863 1719 2000 1766 tunc

253 1796 519 1873 agebant,
553 1812 607 1857 et
632 1794 752 1857 illas
778 1812 1071 1880 corporum
1107 1797 1315 1880 species
1342 1810 1668 1879 apparentes
1691 1797 1866 1856 oculis
1887 1795 2001 1855 ho-

251 1884 464 1944 minum
485 1934 499 1958 ,
524 1900 578 1945 et
599 1882 719 1945 illas
746 1908 907 1946 voces
940 1886 1253 1945 insonantes
1281 1886 1507 1944 auribus
1526 1933 1540 1953 ,
1574 1900 1703 1944 cum
1729 1885 1849 1966 ipsa
1877 1905 2002 1943 sen-

253 1972 427 2032 sibilis
453 1979 702 2034 creatura
722 1973 792 2035 ad
818 1989 1014 2034 nutum
1039 1975 1272 2035 serviens
1298 1965 1589 2033 Conditori
1612 1975 1670 2031 in
1685 1972 1836 2055 quod
1861 1981 2002 2054 opus

253 2065 367 2122 erat
398 2085 499 2144 pro
545 2077 792 2146 tempore
835 2065 1152 2123 vertebatur
1171 2111 1185 2135 ‚
1241 2064 1384 2123 sicut
1419 2063 1477 2122 in
1514 2060 1662 2121 libro
1706 2061 2002 2144 Sapientiae

256 2154 524 2236 scriptum
552 2167 632 2214 est
659 2170 673 2214 ε
710 2183 732 2208 «
749 2147 1016 2215 Creatura
1047 2156 1195 2213 enim
1225 2152 1329 2213 tibi
1358 2147 1557 2213 factori
1582 2145 1884 2212 'deserviens
1908 2162 2002 2210 ex—

256 2269 284 2297 »
312 2239 560 2303 tenditur
587 2241 646 2303 in
681 2254 1017 2304 tormentum
1050 2236 1335 2303 adversum
1366 2244 1627 2319 injustOS,
1657 2240 1710 2300 et
1743 2241 1918 2299 lenior
1942 2241 2005 2314 fit

256 2359 283 2387 ›>
315 2331 385 2392 ad
413 2320 871 2392 benefaciendum
897 2332 962 2392 iis
992 2334 1087 2415 qui
1112 2334 1170 2393 in
1201 2336 1253 2391 te
1279 2318 1857 2412 constannefropter
1892 2320 2004 2388 hod

256 2447 284 2475 >>
309 2436 363 2480 et
386 2435 521 2481 tum:
544 2423 602 2481 in
626 2426 811 2482 omnia
841 2432 894 2482 se
925 2420 1318 2500 transfigurans
1338 2470 1352 2495 ‚
1382 2421 1629 2480 ‘omnium
1656 2419 1861 2478 nutrici
1885 2429 2005 2496 'gra—

226 2582 228 2584 ι
258 2537 285 2565 >>
316 2511 409 2570 tiae
444 2520 555 2572 tuae
585 2506 924 2573 deserviebat
954 2503 1023 2572 ad
1054 2505 1397 2573 voluntatem
1429 2501 1630 2570 borum
1664 2509 1762 2589 qui
1794 2508 1844 2565 te
1866 2505 2005 2566 desi-

258 2626 284 2654 »
321 2600 636 2663 derabant2.
661 2632 685 2656 »
713 2605 972 2662 Pervenit
995 2602 1139 2662 enim
1172 2604 1417 2683 potentia
1446 2597 1744 2659 voluntatis
1776 2596 1875 2655 Dei
1905 2618 2008 2678 per

258 2704 377 2748 crea
388 2703 565 2750 turam
587 2688 885 2773 spiritalem
907 2710 1079 2774 usque
1108 2691 1178 2750 ad
1201 2692 1421 2751 effectus
1437 2687 1677 2748 'visibiles
1708 2698 1873 2768 atque
1891 2707 2007 2744 sen-

258 2779 438 2838 sibiles
459 2784 727 2855 erea'turae
750 2779 1068 2862 corporalis.
1109 2781 1218 2838 Ubi
1249 2779 1392 2837 enim
1425 2799 1536 2835 non
1567 2787 1829 2858 operatur
1854 2769 2006 2855 q'uod

257 2866 380 2925 vult
433 2871 531 2929 Dei
577 2871 970 2952 omnipotentis
1013 2869 1310 2951 sapientia,
1345 2888 1471 2948 quae
1502 2861 1784 2946 pertendit
1823 2886 1853 2921 a
1897 2863 2006 2921 fine

260 2973 431 3035 usque
457 2957 525 3015 ad
556 2960 719 3016 finem
747 2959 979 3029 fortiter,
1003 2956 1325 3038 et'disponit
1351 2955 1532 3013 omnia
1561 2952 1872 3012 suaviter-⁹²?

345 3046 469 3106 Vll.
505 3047 609 3105 Sed
642 3048 776 3106 alius
802 3062 880 3107 est
906 3047 1043 3106 ordo
1059 3044 1320 3104 naturalis
1344 3047 1401 3102 in
1423 3042 1776 3103 conversione
1799 3053 1852 3099 et
1874 3050 2006 3097 mu'-

258 3126 527 3195 tabilitate
551 3156 849 3218 corporum
872 3124 899 3211 ‚'
925 3136 1024 3219 qui
1052 3134 1304 3219 quamvis
1343 3134 1511 3193 etiam
1533 3133 1652 3215 ipse
1705 3129 1775 3191 ad
1801 3136 2002 3190 nutum

323 3233 338 3265 ²
376 3243 499 3288 Joan.
523 3246 580 3300 11,
606 3257 649 3298 9,
666 3265 724 3276 —
742 3235 877 3301 2Shp.
903 3245 987 3295 xvi,
1009 3248 1081 3294 24,
1103 3242 1173 3285 25.
1191 3231 1364 3283 -31d.
1386 3254 1480 3289 vm,
1509 3253 1549 3283 1.
