2144 3808
533 360 604 397 DE
645 357 963 410 TMMTATE,
1013 360 1122 399 Lm.
1174 362 1300 399 x111.
1553 389 1556 394 .
1657 347 1775 425 499

46 437 178 508 reiS‚
216 450 268 495 et
301 460 400 519 per
438 439 684 519 ipsorum
724 438 984 514 imagines
1020 461 1156 520 quas
1201 443 1461 500 memoria
1493 458 1769 519 tenemuS,

48 526 210 585 etiam
240 527 482 586 absentia
506 530 844 604 cogitamus:
867 548 966 585 nec
981 529 1121 586 sicut
1141 550 1200 586 ea
1219 547 1346 610 quae
1363 553 1476 589 non
1498 533 1766 607 vidimUS,
1861 595 1863 597 ,

48 626 101 673 et
122 635 183 673 ex
201 615 267 673 iis
291 634 417 696 quae
438 613 677 698 vidimus
701 614 1029 691 cogitatione
1055 629 1354 697 utcumque
1370 618 1691 692 formamus3
1721 636 1775 680 et

50 702 328 761 memoriae
354 701 803 784 commendamus
825 749 838 772 ‚
868 720 1350 783 quo'recurramus
1387 728 1514 765 cum
1542 700 1776 767 volueri-

51 807 204 861 mus,
240 802 301 847 ut
334 787 448 849 illic
469 812 531 848 ea
553 835 568 861 ‚
600 789 686 848 vel
713 789 899 871 potius
937 788 1360 871 qualescumque
1402 794 1661 870 imagines
1690 818 1779 854 eo-

52 891 175 935 rum
204 890 338 963 quas
365 871 446 936 ibi
471 874 684 936 fiximus
702 922 717 948 ,
757 867 1007 934 similiter
1037 878 1414 937 recordatione
1453 903 1733 941 cernamus
1759 907 1774 942 ε
1821 879 1825 882 ’

52 980 154 1024 ne'c'
183 966 325 1024 sieut
345 964 627 1025 hominem
656 966 842 1026 vivum
865 1012 880 1038 ‚
923 971 1082 1043 cujus
1119 968 1354 1026 animam
1378 1015 1393 1040 ,
1428 971 1635 1030 etiamsi
1668 995 1780 1030 non

53 1053 300 1113 videmus
322 1100 336 1125 ‚
373 1071 433 1114 ex
460 1063 644 1113 nostra
664 1054 989 1129 conjicimus
1010 1101 1024 1126 ‚
1066 1068 1119 1112 et
1147 1077 1205 1112 ex
1236 1048 1481 1115 motibus
1516 1059 1780 1139 corpora-

53 1139 202 1201 libus
221 1137 504 1202 hominem
533 1145 721 1203 vivum
745 1189 759 1214 ‚
785 1139 931 1201 'sicut
951 1142 1190 1202 videndo
1227 1135 1520 1203 didicimus
1540 1193 1555 1216 ‚
1597 1148 1782 1207 intue-

55 1251 180 1289 mur
210 1227 374 1291 etiam
398 1227 709 1308 cogitando,
749 1224 875 1289 Non
908 1232 985 1290 sic
1021 1231 1245 1291 videtur
1273 1230 1496 1311 fidesxin
1528 1236 1691 1295 corde
1725 1238 1783 1296 in

58 1332 168 1400 quo
190 1330 268 1380 est
292 1321 363 1379 ab
384 1335 445 1380 eo
475 1325 633 1396 cujus
657 1334 768 1379 est:
798 1319 890 1378 sed
911 1342 1029 1379 eam
1054 1333 1201 1378 tenet
1219 1321 1514 1380 certissima
1536 1325 1782 1400 scientia,

59 1406 366 1490 clamatque
394 1408 742 1467 couscientia.
776 1408 929 1466 Cum
950 1409 1132 1490 itaque
1153 1422 1443 1489 propterea
1465 1412 1682 1471 credere
1694 1419 1785 1490 ju-

57 1495 289 1557 beamur
310 1544 325 1569 ,
351 1494 482 1578 quia
512 1496 571 1555 id
589 1495 740 1578 quod
761 1495 980 1554 credere
995 1497 1287 1572 jubemur,
1318 1495 1501 1556 videre
1529 1522 1639 1558 non
1664 1523 1789 1581 pos-

59 1596 280 1666 sumus3
313 1587 488 1666 ipsam
519 1598 702 1642 tamen
725 1583 892 1642 fidem
920 1583 1145 1666 quando
1167 1585 1306 1642 inest
1335 1583 1391 1642 in
1416 1587 1575 1645 nobis
1597 1634 1611 1657 ‚
1639 1589 1787 1648 vide-

61 1688 183 1732 mus
203 1673 263 1733 in
282 1672 443 1732 nobis
468 1695 482 1730 :
507 1673 636 1756 quia
655 1685 709 1730 et
731 1694 912 1730 rerum
936 1670 1243 1754 absentium
1270 1695 1504 1752 praesens
1525 1689 1601 1733 est
1630 1678 1786 1751 fides,

63 1774 116 1819 ct
138 1774 318 1820 rerum
342 1775 471 1842 quae
499 1759 629 1819 soris
652 1773 778 1818 sunt
797 1761 1049 1828 intusest
1063 1753 1196 1818 fides
1212 1806 1225 1830 ‚
1257 1774 1310 1817 et
1332 1782 1513 1819 rerum
1539 1784 1663 1845 quae
1681 1787 1792 1823 non

63 1844 321 1930 videntur
343 1844 557 1907 videtur
586 1847 721 1906 fides
739 1895 754 1920 ‚
787 1862 840 1906 et
868 1848 986 1928 ipsa
1026 1860 1206 1905 tamen
1233 1849 1602 1928 temporaliter
1634 1853 1698 1910 fit
1730 1853 1790 1910 in

66 1929 328 1996 cordibus
357 1928 649 1995 hominum
688 1959 701 1993 z
747 1949 800 1993 et
833 1935 876 1993 si
915 1957 974 1993 ex
1009 1926 1291 2005 fidelibus,
1338 1927 1582 1994 infideles
1611 1939 1785 2011 fiunt,

66 2016 210 2106 perit
239 2016 311 2082 ab
334 2025 425 2085 eis,
465 2019 780 2105 Aliquando
807 2035 988 2081 autem
1014 2035 1067 2080 et
1101 2023 1265 2080 rebus
1300 2020 1445 2079 falsis
1481 2045 1789 2083 accommo-

69 2111 234 2172 datur
262 2111 396 2172 fides
426 2106 747 2194 eloquimur
769 2112 914 2169 enim
937 2110 1013 2168 sic
1033 2155 1048 2182 ,
1077 2122 1139 2167 ut
1163 2108 1410 2166 dicamus
1439 2131 1452 2166 z
1481 2111 1686 2169 Habita
1715 2127 1792 2170 est

71 2200 120 2260 ei
137 2194 299 2273 fideS‚
329 2213 381 2260 et
402 2200 637 2281 decepit.
669 2193 859 2271 Qualis
882 2192 1017 2255 fides
1035 2241 1050 2269 ‚
1077 2198 1121 2254 si
1144 2201 1324 2254 tamen
1345 2209 1398 2253 et
1417 2197 1534 2277 ipsa
1557 2198 1790 2259 dicenda

72 2302 151 2348 est
165 2280 298 2348 fides
314 2336 327 2359 ‚
354 2311 466 2347 non
488 2282 841 2368 culpabiliter
861 2283 928 2343 de
950 2282 1209 2344 cordibus
1231 2284 1404 2364 perit,
1430 2286 1650 2365 quando
1673 2304 1792 2346 eam

68 2378 287 2437 inventa
317 2377 513 2436 veritas
537 2375 709 2458 pellit.
748 2365 1090 2454 Optabiliter
1117 2386 1295 2431 autem
1327 2394 1508 2431 rerum
1542 2396 1793 2434 verarum

69 2465 126 2524 in
159 2463 374 2525 easdem
411 2486 494 2522 res
537 2463 671 2522 fides
706 2461 916 2520 transit.
968 2456 1094 2519 Non
1141 2459 1286 2518 enirn
1330 2455 1627 2520 dicendum
1666 2477 1743 2521 est
1775 2486 1789 2521 z

71 2553 253 2625 Perit,
277 2552 500 2635 quando
521 2574 581 2611 ea
602 2556 617 2621 ’,
642 2572 768 2633 quae
793 2549 1177 2620 credebantur,
1204 2548 1478 2608 videntur.
1510 2548 1794 2631 Numquid

71 2643 212 2702 enim
234 2639 418 2701 adhuc
434 2640 568 2700 fides
590 2639 822 2699 dicenda
846 2652 958 2710 est,
982 2660 1110 2697 cum
1133 2637 1356 2696 definita
1380 2637 1449 2695 sit
1462 2636 1520 2695 in
1549 2639 1793 2718 Epistola
1836 2646 1843 2651 “

73 2728 143 2789 ad
169 2728 436 2788 Hebraeos
477 2728 611 2801 fides
636 2775 650 2792 ,
686 2726 1008 2808 dictumque
1037 2727 1106 2784 sit
1134 2747 1251 2784 eam
1269 2747 1389 2783 esse
1417 2752 1442 2777 α
1474 2727 1797 2786 Convictio-

73 2850 100 2877 >2
125 2838 247 2881 nem
273 2840 452 2879 rerum
480 2838 607 2899 quae
627 2839 738 2875 non
762 2815 1088 2875 videnturlp
1113 2843 1139 2869 ›>

151 2910 248 2971 lv.
298 2905 508 2967 Deinde
555 2903 708 2986 quod
750 2904 995 2986 sequitur
1023 2919 1038 2961 t
1088 2930 1114 2957 «
1142 2897 1250 2963 Hic
1292 2904 1441 2962 venit
1468 2904 1525 2961 in
1554 2905 1791 2963 testimo-

74 3027 101 3054 »
122 2999 276 3057 nium
298 3044 312 3069 ‚
340 3006 400 3055 ut
426 2994 798 3053 testimonium
823 2992 1138 3074 perhiberet
1167 2989 1235 3050 de
1255 2991 1494 3061 lumine,-
1525 3005 1584 3051 ut
1607 3014 1792 3052 omnes

72 3115 100 3144 »
124 3086 406 3147 crederent
433 3105 531 3165 per
562 3081 718 3141 illum
746 3103 761 3138 ι
791 3108 817 3134 »
859 3078 1000 3140 actio
1023 3123 1039 3153 ,
1076 3094 1137 3139 ut
1171 3080 1404 3139 diximus
1425 3126 1439 3152 ‚
1482 3081 1793 3161 temporalis

73 3187 168 3236 est.
198 3171 596 3255 Temporaliter
616 3169 761 3229 enim
783 3162 1152 3234 testimonium
1183 3169 1510 3250 perhibetur
1539 3169 1700 3227 etiam
1727 3169 1794 3226 de

134 3280 147 3310 ¹
175 3279 299 3321 Hebr.
324 3293 385 3333 xz,
421 3293 457 3320 t.

1497 3338 1588 3394 32.
