<?xml version="1.0" encoding="UTF-8"?>
<!DOCTYPE html PUBLIC "-//W3C//DTD XHTML 1.0 Transitional//EN"
    "http://www.w3.org/TR/xhtml1/DTD/xhtml1-transitional.dtd">
<html xmlns="http://www.w3.org/1999/xhtml" xml:lang="en" lang="en">
 <head>
  <title>
</title>
<meta http-equiv="Content-Type" content="text/html;charset=utf-8" />
  <meta name='ocr-system' content='tesseract 3.04.00' />
  <meta name='ocr-capabilities' content='ocr_page ocr_carea ocr_par ocr_line ocrx_word'/>
</head>
<body>
  <div class='ocr_page' id='page_1' title='image "./operaomniaaccura30auguuoft_0050.png"; bbox 0 0 2144 3808; ppageno 0'>
   <div class='ocr_carea' id='block_1_1' title="bbox 300 353 1541 422">
    <p class='ocr_par' dir='ltr' id='par_1_1' title="bbox 300 353 1541 422">
     <span class='ocr_line' id='line_1_1' title="bbox 300 353 1541 422; baseline 0.001 -13"><span class='ocrx_word' id='word_1_1' title='bbox 300 353 378 422; x_wconf 73' lang='lat'><strong>40</strong></span> <span class='ocrx_word' id='word_1_2' title='bbox 838 371 883 413; x_wconf 77' lang='lat' dir='ltr'><strong>s,</strong></span> <span class='ocrx_word' id='word_1_3' title='bbox 935 369 1243 411; x_wconf 72' lang='lat' dir='ltr'><strong>Aucusrim</strong></span> <span class='ocrx_word' id='word_1_4' title='bbox 1287 370 1541 410; x_wconf 73' lang='lat' dir='ltr'><strong>Episcori</strong></span> 
     </span>
    </p>
   </div>
   <div class='ocr_carea' id='block_1_2' title="bbox 298 451 2069 3183">
    <p class='ocr_par' dir='ltr' id='par_1_2' title="bbox 299 451 2031 534">
     <span class='ocr_line' id='line_1_2' title="bbox 299 451 2031 534; baseline 0.002 -28"><span class='ocrx_word' id='word_1_5' title='bbox 299 478 327 506; x_wconf 76' lang='lat'><strong>&gt;2</strong></span> <span class='ocrx_word' id='word_1_6' title='bbox 348 465 403 509; x_wconf 87' lang='lat' dir='ltr'><strong>et</strong></span> <span class='ocrx_word' id='word_1_7' title='bbox 427 472 523 528; x_wconf 88' lang='lat' dir='ltr'><strong>ego</strong></span> <span class='ocrx_word' id='word_1_8' title='bbox 551 451 792 510; x_wconf 86' lang='lat' dir='ltr'>sciebam</span> <span class='ocrx_word' id='word_1_9' title='bbox 822 452 952 532; x_wconf 88' lang='lat' dir='ltr'><strong>quia</strong></span> <span class='ocrx_word' id='word_1_10' title='bbox 981 473 1195 533; x_wconf 86' lang='lat' dir='ltr'>semper</span> <span class='ocrx_word' id='word_1_11' title='bbox 1222 473 1307 510; x_wconf 89' lang='lat' dir='ltr'><strong>me</strong></span> <span class='ocrx_word' id='word_1_12' title='bbox 1334 451 1523 524; x_wconf 82' lang='lat' dir='ltr'><strong>audiS,</strong></span> <span class='ocrx_word' id='word_1_13' title='bbox 1559 451 1651 511; x_wconf 89' lang='lat' dir='ltr'><strong>sed</strong></span> <span class='ocrx_word' id='word_1_14' title='bbox 1689 465 1917 534; x_wconf 86' lang='lat' dir='ltr'><strong>propter</strong></span> <span class='ocrx_word' id='word_1_15' title='bbox 1943 472 2031 510; x_wconf 91' lang='lat' dir='ltr'><strong>eos</strong></span> 
     </span>
    </p>

    <p class='ocr_par' dir='ltr' id='par_1_3' title="bbox 299 537 2031 620">
     <span class='ocr_line' id='line_1_3' title="bbox 299 537 2031 620; baseline 0 -22"><span class='ocrx_word' id='word_1_16' title='bbox 299 566 328 594; x_wconf 83' lang='lat'>»</span> <span class='ocrx_word' id='word_1_17' title='bbox 354 539 451 620; x_wconf 88' lang='lat' dir='ltr'><strong>qui</strong></span> <span class='ocrx_word' id='word_1_18' title='bbox 472 539 856 611; x_wconf 82' lang='lat' dir='ltr'><strong>circumstant,</strong></span> <span class='ocrx_word' id='word_1_19' title='bbox 884 539 1018 611; x_wconf 83' lang='lat' dir='ltr'>dixi,</span> <span class='ocrx_word' id='word_1_20' title='bbox 1046 553 1107 597; x_wconf 93' lang='lat' dir='ltr'><strong>ut</strong></span> <span class='ocrx_word' id='word_1_21' title='bbox 1130 539 1380 610; x_wconf 81' lang='lat' dir='ltr'><strong>cre&#39;dant,</strong></span> <span class='ocrx_word' id='word_1_22' title='bbox 1402 540 1532 620; x_wconf 86' lang='lat' dir='ltr'><strong>quia</strong></span> <span class='ocrx_word' id='word_1_23' title='bbox 1552 553 1613 598; x_wconf 89' lang='lat' dir='ltr'><strong>tu</strong></span> <span class='ocrx_word' id='word_1_24' title='bbox 1635 562 1718 598; x_wconf 92' lang='lat' dir='ltr'><strong>me</strong></span> <span class='ocrx_word' id='word_1_25' title='bbox 1736 537 1992 598; x_wconf 61' lang='lat' dir='ltr'><strong>misistil.</strong></span> <span class='ocrx_word' id='word_1_26' title='bbox 2005 565 2031 592; x_wconf 69' lang='lat' dir='ltr'>u</span> 
     </span>
    </p>

    <p class='ocr_par' dir='ltr' id='par_1_4' title="bbox 302 628 2027 709">
     <span class='ocr_line' id='line_1_4' title="bbox 302 628 2027 709; baseline -0.001 -22"><span class='ocrx_word' id='word_1_27' title='bbox 302 628 440 701; x_wconf 88' lang='lat' dir='ltr'><strong>Quis</strong></span> <span class='ocrx_word' id='word_1_28' title='bbox 470 628 658 709; x_wconf 84' lang='lat' dir='ltr'><strong>utique</strong></span> <span class='ocrx_word' id='word_1_29' title='bbox 689 630 787 687; x_wconf 87' lang='lat' dir='ltr'><strong>iste</strong></span> <span class='ocrx_word' id='word_1_30' title='bbox 816 641 895 686; x_wconf 90' lang='lat' dir='ltr'><strong>est</strong></span> <span class='ocrx_word' id='word_1_31' title='bbox 913 628 1051 709; x_wconf 89' lang='lat' dir='ltr'><strong>,qui</strong></span> <span class='ocrx_word' id='word_1_32' title='bbox 1070 649 1198 686; x_wconf 92' lang='lat' dir='ltr'><strong>cum</strong></span> <span class='ocrx_word' id='word_1_33' title='bbox 1228 628 1363 686; x_wconf 86' lang='lat' dir='ltr'><strong>caeci</strong></span> <span class='ocrx_word' id='word_1_34' title='bbox 1386 628 1502 686; x_wconf 89' lang='lat' dir='ltr'><strong>nati</strong></span> <span class='ocrx_word' id='word_1_35' title='bbox 1530 629 1717 687; x_wconf 92' lang='lat' dir='ltr'><strong>oculos</strong></span> <span class='ocrx_word' id='word_1_36' title='bbox 1746 631 2027 705; x_wconf 84' lang='lat' dir='ltr'><strong>figuraret,</strong></span> 
     </span>
    </p>

    <p class='ocr_par' dir='ltr' id='par_1_5' title="bbox 300 716 2035 797">
     <span class='ocr_line' id='line_1_5' title="bbox 300 716 2035 797; baseline -0.001 -21"><span class='ocrx_word' id='word_1_37' title='bbox 300 716 613 776; x_wconf 85' lang='lat' dir='ltr'><strong>dicentibus</strong></span> <span class='ocrx_word' id='word_1_38' title='bbox 641 716 980 797; x_wconf 88' lang='lat' dir='ltr'><strong>Discipulis:</strong></span> <span class='ocrx_word' id='word_1_39' title='bbox 1014 743 1041 770; x_wconf 85' lang='lat'>«</span> <span class='ocrx_word' id='word_1_40' title='bbox 1067 717 1204 789; x_wconf 87' lang='lat' dir='ltr'><strong>Quis</strong></span> <span class='ocrx_word' id='word_1_41' title='bbox 1233 717 1516 796; x_wconf 84' lang='lat' dir='ltr'><strong>peccavit,</strong></span> <span class='ocrx_word' id='word_1_42' title='bbox 1542 717 1640 775; x_wconf 88' lang='lat' dir='ltr'><strong>bic</strong></span> <span class='ocrx_word' id='word_1_43' title='bbox 1663 731 1758 775; x_wconf 87' lang='lat' dir='ltr'><strong>aut</strong></span> <span class='ocrx_word' id='word_1_44' title='bbox 1785 729 2035 796; x_wconf 90' lang='lat' dir='ltr'><strong>parentes</strong></span> 
     </span>
    </p>

    <p class='ocr_par' dir='ltr' id='par_1_6' title="bbox 298 805 2069 1063">
     <span class='ocr_line' id='line_1_6' title="bbox 298 805 2039 885; baseline 0.002 -26"><span class='ocrx_word' id='word_1_45' title='bbox 298 831 329 859; x_wconf 84' lang='grc'>»</span> <span class='ocrx_word' id='word_1_46' title='bbox 354 810 468 882; x_wconf 89' lang='lat' dir='ltr'><strong>ejus</strong></span> <span class='ocrx_word' id='word_1_47' title='bbox 489 852 504 878; x_wconf 94' lang='lat'><strong>,</strong></span> <span class='ocrx_word' id='word_1_48' title='bbox 540 819 602 864; x_wconf 90' lang='lat' dir='ltr'><strong>ut</strong></span> <span class='ocrx_word' id='word_1_49' title='bbox 630 826 809 864; x_wconf 89' lang='lat' dir='ltr'><strong>caecus</strong></span> <span class='ocrx_word' id='word_1_50' title='bbox 833 809 1182 864; x_wconf 74' lang='lat' dir='ltr'><strong>nasceretur?</strong></span> <span class='ocrx_word' id='word_1_51' title='bbox 1207 805 1492 885; x_wconf 85' lang='lat' dir='ltr'><strong>respondit</strong></span> <span class='ocrx_word' id='word_1_52' title='bbox 1519 827 1533 862; x_wconf 76' lang='lat' dir='ltr'><strong>t</strong></span> <span class='ocrx_word' id='word_1_53' title='bbox 1570 806 1760 884; x_wconf 86' lang='lat' dir='ltr'>Neque</span> <span class='ocrx_word' id='word_1_54' title='bbox 1790 805 1885 862; x_wconf 91' lang='lat' dir='ltr'><strong>hic</strong></span> <span class='ocrx_word' id='word_1_55' title='bbox 1910 824 2039 885; x_wconf 90' lang='lat' dir='ltr'><strong>pec-</strong></span> 
     </span>
     <span class='ocr_line' id='line_1_7' title="bbox 301 893 2069 974; baseline 0.002 -27"><span class='ocrx_word' id='word_1_56' title='bbox 301 920 328 947; x_wconf 85' lang='lat'>»</span> <span class='ocrx_word' id='word_1_57' title='bbox 351 894 498 953; x_wconf 86' lang='lat' dir='ltr'><strong>cavit</strong></span> <span class='ocrx_word' id='word_1_58' title='bbox 516 939 531 964; x_wconf 97' lang='lat'><strong>,</strong></span> <span class='ocrx_word' id='word_1_59' title='bbox 560 914 736 974; x_wconf 92' lang='lat' dir='ltr'><strong>neque</strong></span> <span class='ocrx_word' id='word_1_60' title='bbox 757 907 1008 974; x_wconf 86' lang='lat' dir='ltr'><strong>parentes</strong></span> <span class='ocrx_word' id='word_1_61' title='bbox 1037 899 1186 973; x_wconf 82' lang='lat' dir='ltr'><strong>ejus,</strong></span> <span class='ocrx_word' id='word_1_62' title='bbox 1221 893 1313 952; x_wconf 86' lang='lat' dir='ltr'><strong>sed</strong></span> <span class='ocrx_word' id='word_1_63' title='bbox 1342 907 1402 951; x_wconf 89' lang='lat' dir='ltr'><strong>ut</strong></span> <span class='ocrx_word' id='word_1_64' title='bbox 1429 893 1839 952; x_wconf 83' lang='lat' dir='ltr'><strong>manifestentur</strong></span> <span class='ocrx_word' id='word_1_65' title='bbox 1869 913 2038 973; x_wconf 89' lang='lat' dir='ltr'><strong>opera</strong></span> <span class='ocrx_word' id='word_1_66' title='bbox 2064 943 2069 949; x_wconf 93' lang='lat'><strong><em>.</em></strong></span> 
     </span>
     <span class='ocr_line' id='line_1_8' title="bbox 299 978 2036 1063; baseline 0.001 -27"><span class='ocrx_word' id='word_1_67' title='bbox 299 1008 327 1036; x_wconf 84' lang='lat'>»</span> <span class='ocrx_word' id='word_1_68' title='bbox 351 981 454 1039; x_wconf 91' lang='lat' dir='ltr'><strong>Dei</strong></span> <span class='ocrx_word' id='word_1_69' title='bbox 475 981 533 1039; x_wconf 92' lang='lat' dir='ltr'><strong>in</strong></span> <span class='ocrx_word' id='word_1_70' title='bbox 552 980 650 1039; x_wconf 94' lang='lat' dir='ltr'><strong>illo</strong></span> <span class='ocrx_word' id='word_1_71' title='bbox 680 1004 694 1038; x_wconf 74' lang='grc' dir='ltr'>ε</span> <span class='ocrx_word' id='word_1_72' title='bbox 724 1003 810 1040; x_wconf 93' lang='lat' dir='ltr'><strong>me</strong></span> <span class='ocrx_word' id='word_1_73' title='bbox 834 995 1051 1063; x_wconf 88' lang='lat' dir='ltr'><strong>oportet</strong></span> <span class='ocrx_word' id='word_1_74' title='bbox 1080 982 1295 1062; x_wconf 90' lang='lat' dir='ltr'><strong>operari</strong></span> <span class='ocrx_word' id='word_1_75' title='bbox 1327 1004 1493 1062; x_wconf 88' lang='lat' dir='ltr'><strong>opera</strong></span> <span class='ocrx_word' id='word_1_76' title='bbox 1529 985 1643 1057; x_wconf 88' lang='lat' dir='ltr'><strong>ejus</strong></span> <span class='ocrx_word' id='word_1_77' title='bbox 1675 982 1773 1061; x_wconf 92' lang='lat' dir='ltr'><strong>qui</strong></span> <span class='ocrx_word' id='word_1_78' title='bbox 1805 1001 1891 1038; x_wconf 93' lang='lat' dir='ltr'><strong>me</strong></span> <span class='ocrx_word' id='word_1_79' title='bbox 1925 978 2036 1038; x_wconf 92' lang='lat' dir='ltr'><strong>mi·-</strong></span> 
     </span>
    </p>

    <p class='ocr_par' dir='ltr' id='par_1_7' title="bbox 299 1067 2068 3183">
     <span class='ocr_line' id='line_1_9' title="bbox 302 1067 2042 1152; baseline -0.002 -25"><span class='ocrx_word' id='word_1_80' title='bbox 302 1097 331 1124; x_wconf 83' lang='lat'>»</span> <span class='ocrx_word' id='word_1_81' title='bbox 354 1070 476 1130; x_wconf 82' lang='lat' dir='ltr'><strong>sit2.</strong></span> <span class='ocrx_word' id='word_1_82' title='bbox 508 1095 534 1123; x_wconf 75' lang='lat'><strong>&gt;2</strong></span> <span class='ocrx_word' id='word_1_83' title='bbox 565 1071 674 1128; x_wconf 91' lang='lat' dir='ltr'><strong>Iste</strong></span> <span class='ocrx_word' id='word_1_84' title='bbox 701 1084 780 1129; x_wconf 91' lang='lat' dir='ltr'><strong>est</strong></span> <span class='ocrx_word' id='word_1_85' title='bbox 818 1072 1008 1152; x_wconf 84' lang='lat' dir='ltr'><strong>utique</strong></span> <span class='ocrx_word' id='word_1_86' title='bbox 1047 1071 1214 1129; x_wconf 89' lang='lat' dir='ltr'><strong>Filius</strong></span> <span class='ocrx_word' id='word_1_87' title='bbox 1257 1071 1607 1129; x_wconf 90' lang='lat' dir='ltr'><strong>charissimus</strong></span> <span class='ocrx_word' id='word_1_88' title='bbox 1644 1068 1830 1139; x_wconf 87' lang='lat' dir='ltr'><strong>Patri,</strong></span> <span class='ocrx_word' id='word_1_89' title='bbox 1861 1067 1959 1149; x_wconf 91' lang='lat' dir='ltr'><strong>qui</strong></span> <span class='ocrx_word' id='word_1_90' title='bbox 1988 1079 2042 1124; x_wconf 91' lang='lat' dir='ltr'><strong>et</strong></span> 
     </span>
     <span class='ocr_line' id='line_1_10' title="bbox 302 1155 2043 1240; baseline -0.001 -24"><span class='ocrx_word' id='word_1_91' title='bbox 302 1157 576 1239; x_wconf 90' lang='lat' dir='ltr'><strong>accipiens</strong></span> <span class='ocrx_word' id='word_1_92' title='bbox 618 1180 816 1239; x_wconf 82' lang='lat' dir='ltr'><strong>paneS,</strong></span> <span class='ocrx_word' id='word_1_93' title='bbox 863 1181 975 1218; x_wconf 91' lang='lat' dir='ltr'><strong>non</strong></span> <span class='ocrx_word' id='word_1_94' title='bbox 1003 1160 1160 1240; x_wconf 88' lang='lat' dir='ltr'><strong>prius</strong></span> <span class='ocrx_word' id='word_1_95' title='bbox 1198 1159 1393 1236; x_wconf 82' lang='lat' dir='ltr'><strong>fregit,</strong></span> <span class='ocrx_word' id='word_1_96' title='bbox 1428 1158 1521 1217; x_wconf 92' lang='lat' dir='ltr'><strong>sed</strong></span> <span class='ocrx_word' id='word_1_97' title='bbox 1557 1158 1712 1240; x_wconf 92' lang='lat' dir='ltr'><strong>prius</strong></span> <span class='ocrx_word' id='word_1_98' title='bbox 1748 1157 1808 1215; x_wconf 89' lang='lat' dir='ltr'><strong>in</strong></span> <span class='ocrx_word' id='word_1_99' title='bbox 1835 1155 2043 1215; x_wconf 90' lang='lat' dir='ltr'><strong>coelum</strong></span> 
     </span>
     <span class='ocr_line' id='line_1_11' title="bbox 299 1243 2045 1326; baseline -0.001 -23"><span class='ocrx_word' id='word_1_100' title='bbox 299 1246 534 1326; x_wconf 79' lang='lat' dir='ltr'><strong>respexit</strong></span> <span class='ocrx_word' id='word_1_101' title='bbox 556 1292 571 1317; x_wconf 92' lang='lat'><strong>,</strong></span> <span class='ocrx_word' id='word_1_102' title='bbox 607 1259 660 1304; x_wconf 88' lang='lat' dir='ltr'><strong>et</strong></span> <span class='ocrx_word' id='word_1_103' title='bbox 689 1248 886 1323; x_wconf 82' lang='lat' dir='ltr'><strong>gratias</strong></span> <span class='ocrx_word' id='word_1_104' title='bbox 913 1249 1022 1324; x_wconf 87' lang='lat' dir='ltr'><strong>egit</strong></span> <span class='ocrx_word' id='word_1_105' title='bbox 1051 1269 1147 1307; x_wconf 93' lang='lat' dir='ltr'><strong>suo</strong></span> <span class='ocrx_word' id='word_1_106' title='bbox 1178 1247 1444 1324; x_wconf 85' lang='lat' dir='ltr'><strong>genitori,</strong></span> <span class='ocrx_word' id='word_1_107' title='bbox 1474 1260 1528 1305; x_wconf 89' lang='lat' dir='ltr'><strong>et</strong></span> <span class='ocrx_word' id='word_1_108' title='bbox 1558 1247 1635 1306; x_wconf 90' lang='lat' dir='ltr'><strong>sic</strong></span> <span class='ocrx_word' id='word_1_109' title='bbox 1663 1245 1823 1321; x_wconf 87' lang='lat' dir='ltr'><strong>fregit</strong></span> <span class='ocrx_word' id='word_1_110' title='bbox 1845 1258 1899 1303; x_wconf 96' lang='lat' dir='ltr'><strong>et</strong></span> <span class='ocrx_word' id='word_1_111' title='bbox 1929 1243 2045 1302; x_wconf 92' lang='lat' dir='ltr'><strong>dis-</strong></span> 
     </span>
     <span class='ocr_line' id='line_1_12' title="bbox 305 1331 2046 1417; baseline -0.002 -25"><span class='ocrx_word' id='word_1_112' title='bbox 305 1334 563 1394; x_wconf 72' lang='lat' dir='ltr'><strong>tribuit-⁹³.</strong></span> <span class='ocrx_word' id='word_1_113' title='bbox 598 1334 690 1393; x_wconf 87' lang='lat' dir='ltr'><strong>Sic</strong></span> <span class='ocrx_word' id='word_1_114' title='bbox 716 1336 907 1417; x_wconf 89' lang='lat' dir='ltr'><strong>utique</strong></span> <span class='ocrx_word' id='word_1_115' title='bbox 931 1350 984 1394; x_wconf 89' lang='lat' dir='ltr'><strong>et</strong></span> <span class='ocrx_word' id='word_1_116' title='bbox 1005 1337 1063 1394; x_wconf 90' lang='lat' dir='ltr'><strong>in</strong></span> <span class='ocrx_word' id='word_1_117' title='bbox 1083 1337 1203 1417; x_wconf 91' lang='lat' dir='ltr'><strong>ipsa</strong></span> <span class='ocrx_word' id='word_1_118' title='bbox 1226 1336 1475 1416; x_wconf 86' lang='lat' dir='ltr'><strong>passione</strong></span> <span class='ocrx_word' id='word_1_119' title='bbox 1493 1382 1508 1406; x_wconf 91' lang='lat'><strong>,</strong></span> <span class='ocrx_word' id='word_1_120' title='bbox 1534 1335 1647 1393; x_wconf 92' lang='lat' dir='ltr'><strong>imo</strong></span> <span class='ocrx_word' id='word_1_121' title='bbox 1670 1335 1840 1410; x_wconf 88' lang='lat' dir='ltr'><strong>magis</strong></span> <span class='ocrx_word' id='word_1_122' title='bbox 1862 1331 2046 1413; x_wconf 86' lang='lat' dir='ltr'><strong>proxi-</strong></span> 
     </span>
     <span class='ocr_line' id='line_1_13' title="bbox 303 1421 2049 1504; baseline -0.002 -22"><span class='ocrx_word' id='word_1_123' title='bbox 303 1445 427 1482; x_wconf 90' lang='lat' dir='ltr'><strong>mus</strong></span> <span class='ocrx_word' id='word_1_124' title='bbox 452 1424 726 1504; x_wconf 87' lang='lat' dir='ltr'><strong>passioni,</strong></span> <span class='ocrx_word' id='word_1_125' title='bbox 763 1439 826 1483; x_wconf 90' lang='lat' dir='ltr'><strong>ut</strong></span> <span class='ocrx_word' id='word_1_126' title='bbox 849 1425 1015 1484; x_wconf 87' lang='lat' dir='ltr'><strong>refert</strong></span> <span class='ocrx_word' id='word_1_127' title='bbox 1046 1424 1395 1500; x_wconf 84' lang='lat' dir='ltr'><strong>Evangelista</strong></span> <span class='ocrx_word' id='word_1_128' title='bbox 1424 1447 1438 1480; x_wconf 89' lang='lat'>:</span> <span class='ocrx_word' id='word_1_129' title='bbox 1476 1450 1502 1476; x_wconf 68' lang='lat' dir='ltr'><strong>e&lt;</strong></span> <span class='ocrx_word' id='word_1_130' title='bbox 1530 1423 1749 1482; x_wconf 83' lang='lat' dir='ltr'><strong>Etenim</strong></span> <span class='ocrx_word' id='word_1_131' title='bbox 1782 1421 2049 1479; x_wconf 88' lang='lat' dir='ltr'><strong>Dominus</strong></span> 
     </span>
     <span class='ocr_line' id='line_1_14' title="bbox 307 1511 2050 1595; baseline -0.001 -29"><span class='ocrx_word' id='word_1_132' title='bbox 307 1537 337 1566; x_wconf 74' lang='lat'><strong>&gt;2</strong></span> <span class='ocrx_word' id='word_1_133' title='bbox 361 1516 511 1570; x_wconf 90' lang='lat' dir='ltr'><strong>Jesus</strong></span> <span class='ocrx_word' id='word_1_134' title='bbox 538 1512 598 1570; x_wconf 92' lang='lat' dir='ltr'><strong>in</strong></span> <span class='ocrx_word' id='word_1_135' title='bbox 629 1534 690 1571; x_wconf 92' lang='lat' dir='ltr'><strong>ea</strong></span> <span class='ocrx_word' id='word_1_136' title='bbox 717 1527 878 1572; x_wconf 88' lang='lat' dir='ltr'><strong>nocte</strong></span> <span class='ocrx_word' id='word_1_137' title='bbox 909 1535 1022 1595; x_wconf 88' lang='lat' dir='ltr'><strong>qua</strong></span> <span class='ocrx_word' id='word_1_138' title='bbox 1069 1512 1425 1584; x_wconf 84' lang='lat' dir='ltr'><strong>tradebatur,</strong></span> <span class='ocrx_word' id='word_1_139' title='bbox 1471 1511 1683 1592; x_wconf 87' lang='lat' dir='ltr'><strong>accepit</strong></span> <span class='ocrx_word' id='word_1_140' title='bbox 1724 1530 1928 1591; x_wconf 89' lang='lat' dir='ltr'><strong>panem</strong></span> <span class='ocrx_word' id='word_1_141' title='bbox 1948 1555 1962 1580; x_wconf 95' lang='lat'><strong>,</strong></span> <span class='ocrx_word' id='word_1_142' title='bbox 1995 1520 2050 1566; x_wconf 90' lang='lat' dir='ltr'><strong>et</strong></span> 
     </span>
     <span class='ocr_line' id='line_1_15' title="bbox 305 1596 2052 1678; baseline 0 -24"><span class='ocrx_word' id='word_1_143' title='bbox 305 1627 332 1654; x_wconf 88' lang='lat'><strong>&gt;)</strong></span> <span class='ocrx_word' id='word_1_144' title='bbox 355 1599 554 1676; x_wconf 87' lang='lat' dir='ltr'><strong>gratias</strong></span> <span class='ocrx_word' id='word_1_145' title='bbox 585 1622 742 1677; x_wconf 85' lang='lat' dir='ltr'><strong>agens</strong></span> <span class='ocrx_word' id='word_1_146' title='bbox 769 1601 990 1678; x_wconf 43' lang='lat' dir='ltr'><strong>fregit&amp;</strong></span> <span class='ocrx_word' id='word_1_147' title='bbox 1021 1628 1048 1655; x_wconf 84' lang='lat'><strong>&gt;)</strong></span> <span class='ocrx_word' id='word_1_148' title='bbox 1078 1601 1186 1659; x_wconf 92' lang='lat' dir='ltr'><strong>Hic</strong></span> <span class='ocrx_word' id='word_1_149' title='bbox 1217 1614 1296 1658; x_wconf 90' lang='lat' dir='ltr'><strong>est</strong></span> <span class='ocrx_word' id='word_1_150' title='bbox 1334 1601 1532 1672; x_wconf 84' lang='lat' dir='ltr'><strong>Filius,</strong></span> <span class='ocrx_word' id='word_1_151' title='bbox 1567 1613 1628 1657; x_wconf 88' lang='lat' dir='ltr'><strong>ut</strong></span> <span class='ocrx_word' id='word_1_152' title='bbox 1649 1602 1767 1675; x_wconf 89' lang='lat' dir='ltr'><strong>jam</strong></span> <span class='ocrx_word' id='word_1_153' title='bbox 1802 1619 1914 1655; x_wconf 90' lang='lat' dir='ltr'><strong>non</strong></span> <span class='ocrx_word' id='word_1_154' title='bbox 1939 1596 2052 1655; x_wconf 94' lang='lat' dir='ltr'><strong>ob-</strong></span> 
     </span>
     <span class='ocr_line' id='line_1_16' title="bbox 307 1685 2052 1771; baseline -0.002 -25"><span class='ocrx_word' id='word_1_155' title='bbox 307 1688 542 1747; x_wconf 89' lang='lat' dir='ltr'><strong>tundam</strong></span> <span class='ocrx_word' id='word_1_156' title='bbox 597 1689 909 1771; x_wconf 90' lang='lat' dir='ltr'><strong>eloquentia</strong></span> <span class='ocrx_word' id='word_1_157' title='bbox 963 1690 1223 1749; x_wconf 89' lang='lat' dir='ltr'><strong>sermonis</strong></span> <span class='ocrx_word' id='word_1_158' title='bbox 1274 1688 1355 1749; x_wconf 91' lang='lat' dir='ltr'><strong>vel</strong></span> <span class='ocrx_word' id='word_1_159' title='bbox 1410 1688 1570 1769; x_wconf 91' lang='lat' dir='ltr'><strong>copia</strong></span> <span class='ocrx_word' id='word_1_160' title='bbox 1615 1685 2052 1745; x_wconf 83' lang='lat' dir='ltr'><strong>testimoniorum</strong></span> 
     </span>
     <span class='ocr_line' id='line_1_17' title="bbox 308 1774 2053 1860; baseline -0.003 -25"><span class='ocrx_word' id='word_1_161' title='bbox 308 1776 591 1859; x_wconf 89' lang='lat' dir='ltr'><strong>proferens</strong></span> <span class='ocrx_word' id='word_1_162' title='bbox 619 1778 860 1859; x_wconf 87' lang='lat' dir='ltr'><strong>plurima</strong></span> <span class='ocrx_word' id='word_1_163' title='bbox 882 1826 897 1852; x_wconf 94' lang='lat'><strong>,</strong></span> <span class='ocrx_word' id='word_1_164' title='bbox 927 1779 1019 1838; x_wconf 91' lang='lat' dir='ltr'><strong>sed</strong></span> <span class='ocrx_word' id='word_1_165' title='bbox 1044 1801 1144 1860; x_wconf 92' lang='lat' dir='ltr'><strong>per</strong></span> <span class='ocrx_word' id='word_1_166' title='bbox 1165 1778 1561 1859; x_wconf 86' lang='lat' dir='ltr'><strong>compendium</strong></span> <span class='ocrx_word' id='word_1_167' title='bbox 1583 1777 1800 1847; x_wconf 89' lang='lat' dir='ltr'><strong>finiam,</strong></span> <span class='ocrx_word' id='word_1_168' title='bbox 1828 1774 1926 1855; x_wconf 91' lang='lat' dir='ltr'><strong>qui</strong></span> <span class='ocrx_word' id='word_1_169' title='bbox 1956 1793 2053 1830; x_wconf 91' lang='lat' dir='ltr'><strong>us-</strong></span> 
     </span>
     <span class='ocr_line' id='line_1_18' title="bbox 309 1860 2049 1949; baseline -0.004 -24"><span class='ocrx_word' id='word_1_170' title='bbox 309 1888 417 1948; x_wconf 88' lang='lat' dir='ltr'><strong>que</strong></span> <span class='ocrx_word' id='word_1_171' title='bbox 440 1865 510 1924; x_wconf 89' lang='lat' dir='ltr'><strong>ad</strong></span> <span class='ocrx_word' id='word_1_172' title='bbox 533 1867 764 1947; x_wconf 89' lang='lat' dir='ltr'><strong>passeris</strong></span> <span class='ocrx_word' id='word_1_173' title='bbox 786 1882 1019 1927; x_wconf 91' lang='lat' dir='ltr'><strong>mortem</strong></span> <span class='ocrx_word' id='word_1_174' title='bbox 1040 1869 1153 1926; x_wconf 92' lang='lat' dir='ltr'><strong>sine</strong></span> <span class='ocrx_word' id='word_1_175' title='bbox 1173 1867 1528 1949; x_wconf 89' lang='lat' dir='ltr'><strong>permissione</strong></span> <span class='ocrx_word' id='word_1_176' title='bbox 1550 1866 1726 1923; x_wconf 88' lang='lat' dir='ltr'><strong>Patris</strong></span> <span class='ocrx_word' id='word_1_177' title='bbox 1745 1862 1889 1921; x_wconf 92' lang='lat' dir='ltr'><strong>nihil</strong></span> <span class='ocrx_word' id='word_1_178' title='bbox 1909 1860 2049 1932; x_wconf 89' lang='lat' dir='ltr'><strong>fieri,</strong></span> 
     </span>
     <span class='ocr_line' id='line_1_19' title="bbox 309 1953 2059 2038; baseline -0.005 -23"><span class='ocrx_word' id='word_1_179' title='bbox 309 1955 423 2015; x_wconf 89' lang='lat' dir='ltr'><strong>boc</strong></span> <span class='ocrx_word' id='word_1_180' title='bbox 461 1955 626 2014; x_wconf 90' lang='lat' dir='ltr'><strong>modo</strong></span> <span class='ocrx_word' id='word_1_181' title='bbox 663 1956 1027 2038; x_wconf 85' lang='lat' dir='ltr'><strong>praedicavit,</strong></span> <span class='ocrx_word' id='word_1_182' title='bbox 1083 1957 1270 2015; x_wconf 90' lang='lat' dir='ltr'><strong>dicens</strong></span> <span class='ocrx_word' id='word_1_183' title='bbox 1303 1979 1316 2014; x_wconf 74' lang='grc' dir='ltr'><strong><em>ε</em></strong></span> <span class='ocrx_word' id='word_1_184' title='bbox 1360 1983 1384 2009; x_wconf 54' lang='grc' dir='ltr'><strong>ε,</strong></span> <span class='ocrx_word' id='word_1_185' title='bbox 1411 1957 1606 2015; x_wconf 92' lang='lat' dir='ltr'><strong>Nonne</strong></span> <span class='ocrx_word' id='word_1_186' title='bbox 1657 1953 1770 2011; x_wconf 92' lang='lat' dir='ltr'><strong>duo</strong></span> <span class='ocrx_word' id='word_1_187' title='bbox 1815 1970 2059 2031; x_wconf 89' lang='lat' dir='ltr'><strong>passeres</strong></span> 
     </span>
     <span class='ocr_line' id='line_1_20' title="bbox 313 2038 2053 2118; baseline -0.002 -20"><span class='ocrx_word' id='word_1_188' title='bbox 313 2070 343 2099; x_wconf 75' lang='lat'><strong>&gt;2</strong></span> <span class='ocrx_word' id='word_1_189' title='bbox 365 2066 476 2102; x_wconf 90' lang='lat' dir='ltr'><strong>asse</strong></span> <span class='ocrx_word' id='word_1_190' title='bbox 498 2059 738 2104; x_wconf 88' lang='lat' dir='ltr'><strong>veneunt</strong></span> <span class='ocrx_word' id='word_1_191' title='bbox 757 2093 771 2118; x_wconf 96' lang='lat'><strong>,</strong></span> <span class='ocrx_word' id='word_1_192' title='bbox 799 2060 851 2104; x_wconf 91' lang='lat' dir='ltr'><strong>et</strong></span> <span class='ocrx_word' id='word_1_193' title='bbox 887 2068 1029 2106; x_wconf 90' lang='lat' dir='ltr'><strong>unus</strong></span> <span class='ocrx_word' id='word_1_194' title='bbox 1059 2069 1120 2105; x_wconf 87' lang='lat' dir='ltr'><strong>ex</strong></span> <span class='ocrx_word' id='word_1_195' title='bbox 1154 2046 1260 2104; x_wconf 89' lang='lat' dir='ltr'><strong>illis</strong></span> <span class='ocrx_word' id='word_1_196' title='bbox 1290 2068 1402 2104; x_wconf 90' lang='lat' dir='ltr'><strong>non</strong></span> <span class='ocrx_word' id='word_1_197' title='bbox 1426 2044 1586 2103; x_wconf 91' lang='lat' dir='ltr'><strong>cadet</strong></span> <span class='ocrx_word' id='word_1_198' title='bbox 1614 2043 1671 2101; x_wconf 89' lang='lat' dir='ltr'><strong>in</strong></span> <span class='ocrx_word' id='word_1_199' title='bbox 1711 2055 1910 2099; x_wconf 90' lang='lat' dir='ltr'><strong>terram</strong></span> <span class='ocrx_word' id='word_1_200' title='bbox 1940 2038 2053 2096; x_wconf 94' lang='lat' dir='ltr'><strong>sine</strong></span> 
     </span>
     <span class='ocr_line' id='line_1_21' title="bbox 315 2128 2058 2213; baseline -0.002 -26"><span class='ocrx_word' id='word_1_201' title='bbox 315 2159 345 2187; x_wconf 68' lang='lat'><strong>³&gt;</strong></span> <span class='ocrx_word' id='word_1_202' title='bbox 364 2132 649 2192; x_wconf 88' lang='lat' dir='ltr'><strong>voluntate</strong></span> <span class='ocrx_word' id='word_1_203' title='bbox 678 2135 927 2195; x_wconf 67' lang='lat' dir='ltr'><strong>Pau-13⁵?</strong></span> <span class='ocrx_word' id='word_1_204' title='bbox 954 2128 980 2190; x_wconf 64' lang='lat'><strong>&gt;5</strong></span> <span class='ocrx_word' id='word_1_205' title='bbox 1003 2137 1110 2195; x_wconf 91' lang='lat' dir='ltr'><strong>Hic</strong></span> <span class='ocrx_word' id='word_1_206' title='bbox 1133 2157 1258 2194; x_wconf 87' lang='lat' dir='ltr'><strong>sane</strong></span> <span class='ocrx_word' id='word_1_207' title='bbox 1275 2148 1327 2194; x_wconf 86' lang='lat' dir='ltr'><strong>et</strong></span> <span class='ocrx_word' id='word_1_208' title='bbox 1349 2135 1416 2193; x_wconf 94' lang='lat' dir='ltr'><strong>de</strong></span> <span class='ocrx_word' id='word_1_209' title='bbox 1438 2155 1534 2192; x_wconf 92' lang='lat' dir='ltr'><strong>sua</strong></span> <span class='ocrx_word' id='word_1_210' title='bbox 1564 2142 1858 2213; x_wconf 87' lang='lat' dir='ltr'><strong>potestate,</strong></span> <span class='ocrx_word' id='word_1_211' title='bbox 1889 2147 2058 2209; x_wconf 89' lang='lat' dir='ltr'><strong>quam</strong></span> 
     </span>
     <span class='ocr_line' id='line_1_22' title="bbox 319 2214 2060 2319; baseline -0.004 -40"><span class='ocrx_word' id='word_1_212' title='bbox 319 2221 535 2319; x_wconf 87' lang='lat' dir='ltr'><strong>accepit</strong></span> <span class='ocrx_word' id='word_1_213' title='bbox 564 2245 595 2280; x_wconf 90' lang='lat' dir='ltr'><strong>a</strong></span> <span class='ocrx_word' id='word_1_214' title='bbox 626 2223 821 2295; x_wconf 87' lang='lat' dir='ltr'><strong>Patre,</strong></span> <span class='ocrx_word' id='word_1_215' title='bbox 861 2224 1129 2284; x_wconf 85' lang='lat' dir='ltr'><strong>dicebat:</strong></span> <span class='ocrx_word' id='word_1_216' title='bbox 1179 2252 1205 2278; x_wconf 85' lang='lat'>«</span> <span class='ocrx_word' id='word_1_217' title='bbox 1230 2226 1559 2282; x_wconf 87' lang='lat' dir='ltr'><strong>Potestatem</strong></span> <span class='ocrx_word' id='word_1_218' title='bbox 1597 2220 1779 2278; x_wconf 87' lang='lat' dir='ltr'><strong>babeo</strong></span> <span class='ocrx_word' id='word_1_219' title='bbox 1814 2214 2060 2297; x_wconf 88' lang='lat' dir='ltr'><strong>ponendi</strong></span> 
     </span>
     <span class='ocr_line' id='line_1_23' title="bbox 318 2302 2062 2393; baseline -0.002 -29"><span class='ocrx_word' id='word_1_220' title='bbox 318 2335 348 2363; x_wconf 87' lang='lat'><strong>&gt;)</strong></span> <span class='ocrx_word' id='word_1_221' title='bbox 372 2309 609 2368; x_wconf 89' lang='lat' dir='ltr'><strong>animam</strong></span> <span class='ocrx_word' id='word_1_222' title='bbox 653 2332 868 2385; x_wconf 89' lang='lat' dir='ltr'><strong>meam,</strong></span> <span class='ocrx_word' id='word_1_223' title='bbox 911 2326 965 2370; x_wconf 88' lang='lat' dir='ltr'><strong>et</strong></span> <span class='ocrx_word' id='word_1_224' title='bbox 999 2325 1324 2393; x_wconf 88' lang='lat' dir='ltr'><strong>potestatem</strong></span> <span class='ocrx_word' id='word_1_225' title='bbox 1365 2311 1548 2369; x_wconf 89' lang='lat' dir='ltr'><strong>habeo</strong></span> <span class='ocrx_word' id='word_1_226' title='bbox 1578 2308 1779 2367; x_wconf 89' lang='lat' dir='ltr'><strong>iterum</strong></span> <span class='ocrx_word' id='word_1_227' title='bbox 1808 2302 2062 2364; x_wconf 89' lang='lat' dir='ltr'><strong>sumendi</strong></span> 
     </span>
     <span class='ocr_line' id='line_1_24' title="bbox 321 2390 2063 2482; baseline -0.003 -27"><span class='ocrx_word' id='word_1_228' title='bbox 321 2424 350 2452; x_wconf 71' lang='lat'><strong>&gt;³</strong></span> <span class='ocrx_word' id='word_1_229' title='bbox 370 2419 507 2457; x_wconf 88' lang='lat' dir='ltr'><strong>eam.</strong></span> <span class='ocrx_word' id='word_1_230' title='bbox 545 2397 668 2456; x_wconf 93' lang='lat' dir='ltr'><strong>Hoc</strong></span> <span class='ocrx_word' id='word_1_231' title='bbox 700 2399 845 2457; x_wconf 92' lang='lat' dir='ltr'><strong>enim</strong></span> <span class='ocrx_word' id='word_1_232' title='bbox 873 2414 1218 2482; x_wconf 86' lang='lat' dir='ltr'><strong>praeceptum</strong></span> <span class='ocrx_word' id='word_1_233' title='bbox 1252 2400 1440 2480; x_wconf 90' lang='lat' dir='ltr'><strong>accepi</strong></span> <span class='ocrx_word' id='word_1_234' title='bbox 1480 2422 1510 2457; x_wconf 85' lang='lat' dir='ltr'><strong>a</strong></span> <span class='ocrx_word' id='word_1_235' title='bbox 1542 2399 1705 2454; x_wconf 88' lang='lat' dir='ltr'><strong>Patre</strong></span> <span class='ocrx_word' id='word_1_236' title='bbox 1734 2415 1853 2452; x_wconf 94' lang='lat' dir='ltr'><strong>meo</strong></span> <span class='ocrx_word' id='word_1_237' title='bbox 1870 2394 1913 2452; x_wconf 77' lang='lat'><strong>⁶.</strong></span> <span class='ocrx_word' id='word_1_238' title='bbox 1943 2419 1970 2446; x_wconf 86' lang='lat'><strong>›&gt;</strong></span> <span class='ocrx_word' id='word_1_239' title='bbox 2003 2390 2063 2449; x_wconf 88' lang='lat' dir='ltr'><strong>Si</strong></span> 
     </span>
     <span class='ocr_line' id='line_1_25' title="bbox 321 2475 2063 2568; baseline -0.004 -24"><span class='ocrx_word' id='word_1_240' title='bbox 321 2486 400 2545; x_wconf 91' lang='lat' dir='ltr'><strong>ita</strong></span> <span class='ocrx_word' id='word_1_241' title='bbox 431 2475 672 2544; x_wconf 89' lang='lat' dir='ltr'><strong>referunt</strong></span> <span class='ocrx_word' id='word_1_242' title='bbox 702 2487 1032 2565; x_wconf 85' lang='lat' dir='ltr'><strong>Evangelia,</strong></span> <span class='ocrx_word' id='word_1_243' title='bbox 1082 2502 1333 2548; x_wconf 89' lang='lat' dir='ltr'><strong>teneatur</strong></span> <span class='ocrx_word' id='word_1_244' title='bbox 1374 2486 1526 2568; x_wconf 91' lang='lat' dir='ltr'><strong>quod</strong></span> <span class='ocrx_word' id='word_1_245' title='bbox 1567 2485 1844 2561; x_wconf 79' lang='lat' dir='ltr'><strong>legimus·</strong></span> <span class='ocrx_word' id='word_1_246' title='bbox 1877 2480 1921 2539; x_wconf 94' lang='lat' dir='ltr'><strong>si</strong></span> <span class='ocrx_word' id='word_1_247' title='bbox 1952 2501 2063 2562; x_wconf 92' lang='lat' dir='ltr'><strong>quo</strong></span> 
     </span>
     <span class='ocr_line' id='line_1_26' title="bbox 322 2567 2059 2656; baseline -0.003 -25"><span class='ocrx_word' id='word_1_248' title='bbox 322 2573 506 2632; x_wconf 92' lang='lat' dir='ltr'><strong>minus</strong></span> <span class='ocrx_word' id='word_1_249' title='bbox 535 2574 687 2633; x_wconf 91' lang='lat' dir='ltr'><strong>aliud</strong></span> <span class='ocrx_word' id='word_1_250' title='bbox 718 2575 927 2656; x_wconf 90' lang='lat' dir='ltr'><strong>aliquid</strong></span> <span class='ocrx_word' id='word_1_251' title='bbox 953 2577 1123 2650; x_wconf 87' lang='lat' dir='ltr'><strong>forte,</strong></span> <span class='ocrx_word' id='word_1_252' title='bbox 1155 2591 1247 2636; x_wconf 86' lang='lat' dir='ltr'><strong>aut</strong></span> <span class='ocrx_word' id='word_1_253' title='bbox 1272 2590 1334 2635; x_wconf 93' lang='lat' dir='ltr'><strong>ut</strong></span> <span class='ocrx_word' id='word_1_254' title='bbox 1365 2575 1663 2634; x_wconf 85' lang='lat' dir='ltr'><strong>obliviosus</strong></span> <span class='ocrx_word' id='word_1_255' title='bbox 1701 2572 1880 2628; x_wconf 90' lang='lat' dir='ltr'><strong>minus</strong></span> <span class='ocrx_word' id='word_1_256' title='bbox 1913 2567 2024 2626; x_wconf 85' lang='lat' dir='ltr'><strong>dixi</strong></span> <span class='ocrx_word' id='word_1_257' title='bbox 2043 2614 2059 2639; x_wconf 95' lang='lat'><strong>,</strong></span> 
     </span>
     <span class='ocr_line' id='line_1_27' title="bbox 324 2658 2065 2742; baseline -0.004 -22"><span class='ocrx_word' id='word_1_258' title='bbox 324 2661 718 2742; x_wconf 88' lang='lat' dir='ltr'><strong>reprehendar.</strong></span> <span class='ocrx_word' id='word_1_259' title='bbox 754 2665 867 2722; x_wconf 89' lang='lat' dir='ltr'><strong>Nec</strong></span> <span class='ocrx_word' id='word_1_260' title='bbox 897 2666 1043 2723; x_wconf 90' lang='lat' dir='ltr'><strong>enim</strong></span> <span class='ocrx_word' id='word_1_261' title='bbox 1069 2665 1191 2724; x_wconf 87' lang='lat' dir='ltr'><strong>talis</strong></span> <span class='ocrx_word' id='word_1_262' title='bbox 1220 2687 1376 2735; x_wconf 91' lang='lat' dir='ltr'><strong>sum,</strong></span> <span class='ocrx_word' id='word_1_263' title='bbox 1404 2676 1466 2721; x_wconf 87' lang='lat' dir='ltr'><strong>ut</strong></span> <span class='ocrx_word' id='word_1_264' title='bbox 1488 2658 1921 2720; x_wconf 89' lang='lat' dir='ltr'><strong>emendationem</strong></span> <span class='ocrx_word' id='word_1_265' title='bbox 1952 2677 2065 2714; x_wconf 92' lang='lat' dir='ltr'><strong>non</strong></span> 
     </span>
     <span class='ocr_line' id='line_1_28' title="bbox 330 2746 2066 2834; baseline -0.005 -25"><span class='ocrx_word' id='word_1_266' title='bbox 330 2751 621 2830; x_wconf 86' lang='lat' dir='ltr'><strong>accipiam.</strong></span> <span class='ocrx_word' id='word_1_267' title='bbox 673 2753 944 2812; x_wconf 80' lang='lat' dir='ltr'><strong>Praeterea</strong></span> <span class='ocrx_word' id='word_1_268' title='bbox 985 2775 1115 2813; x_wconf 91' lang='lat' dir='ltr'><strong>cum</strong></span> <span class='ocrx_word' id='word_1_269' title='bbox 1157 2754 1483 2834; x_wconf 90' lang='lat' dir='ltr'><strong>episcopum</strong></span> <span class='ocrx_word' id='word_1_270' title='bbox 1532 2747 1824 2831; x_wconf 81' lang='lat' dir='ltr'><strong>praecipiat</strong></span> <span class='ocrx_word' id='word_1_271' title='bbox 1870 2746 2066 2803; x_wconf 86' lang='lat' dir='ltr'><strong>beatus</strong></span> 
     </span>
     <span class='ocr_line' id='line_1_29' title="bbox 331 2832 2061 2936; baseline -0.003 -41"><span class='ocrx_word' id='word_1_272' title='bbox 331 2837 607 2936; x_wconf 86' lang='lat' dir='ltr'><strong>apostolus</strong></span> <span class='ocrx_word' id='word_1_273' title='bbox 632 2839 831 2898; x_wconf 87' lang='lat' dir='ltr'><strong>Paulus</strong></span> <span class='ocrx_word' id='word_1_274' title='bbox 850 2840 1146 2900; x_wconf 91' lang='lat' dir='ltr'><strong>docibilem</strong></span> <span class='ocrx_word' id='word_1_275' title='bbox 1168 2841 1334 2909; x_wconf 90' lang='lat' dir='ltr'><strong>esse7;</strong></span> <span class='ocrx_word' id='word_1_276' title='bbox 1361 2840 1451 2898; x_wconf 91' lang='lat' dir='ltr'><strong>ille</strong></span> <span class='ocrx_word' id='word_1_277' title='bbox 1474 2851 1553 2896; x_wconf 89' lang='lat' dir='ltr'><strong>est</strong></span> <span class='ocrx_word' id='word_1_278' title='bbox 1577 2850 1758 2895; x_wconf 87' lang='lat' dir='ltr'><strong>autem</strong></span> <span class='ocrx_word' id='word_1_279' title='bbox 1783 2832 2061 2902; x_wconf 91' lang='lat' dir='ltr'><strong>docibilis,</strong></span> 
     </span>
     <span class='ocr_line' id='line_1_30' title="bbox 333 2922 2067 3009; baseline -0.003 -26"><span class='ocrx_word' id='word_1_280' title='bbox 333 2925 431 3007; x_wconf 89' lang='lat' dir='ltr'><strong>qui</strong></span> <span class='ocrx_word' id='word_1_281' title='bbox 458 2925 706 3006; x_wconf 89' lang='lat' dir='ltr'><strong>quotidie</strong></span> <span class='ocrx_word' id='word_1_282' title='bbox 736 2940 791 2984; x_wconf 89' lang='lat' dir='ltr'><strong>et</strong></span> <span class='ocrx_word' id='word_1_283' title='bbox 818 2928 981 2987; x_wconf 91' lang='lat' dir='ltr'><strong>discit</strong></span> <span class='ocrx_word' id='word_1_284' title='bbox 1024 2943 1076 2988; x_wconf 94' lang='lat' dir='ltr'><strong>et</strong></span> <span class='ocrx_word' id='word_1_285' title='bbox 1115 2929 1340 3009; x_wconf 85' lang='lat' dir='ltr'><strong>proficit</strong></span> <span class='ocrx_word' id='word_1_286' title='bbox 1376 2924 1624 2986; x_wconf 90' lang='lat' dir='ltr'><strong>docendo</strong></span> <span class='ocrx_word' id='word_1_287' title='bbox 1656 2922 1923 2981; x_wconf 86' lang='lat' dir='ltr'><strong>meliora:</strong></span> <span class='ocrx_word' id='word_1_288' title='bbox 1955 2941 2067 2979; x_wconf 92' lang='lat' dir='ltr'><strong>non</strong></span> 
     </span>
     <span class='ocr_line' id='line_1_31' title="bbox 333 3007 2068 3096; baseline -0.003 -25"><span class='ocrx_word' id='word_1_289' title='bbox 333 3013 673 3094; x_wconf 84' lang='lat' dir='ltr'><strong>respuimuS,</strong></span> <span class='ocrx_word' id='word_1_290' title='bbox 709 3016 753 3072; x_wconf 93' lang='lat' dir='ltr'><strong>si</strong></span> <span class='ocrx_word' id='word_1_291' title='bbox 788 3016 924 3096; x_wconf 91' lang='lat' dir='ltr'><strong>quid</strong></span> <span class='ocrx_word' id='word_1_292' title='bbox 960 3017 1153 3075; x_wconf 92' lang='lat' dir='ltr'><strong>melius</strong></span> <span class='ocrx_word' id='word_1_293' title='bbox 1174 3017 1386 3076; x_wconf 90' lang='lat' dir='ltr'><strong>dictum</strong></span> <span class='ocrx_word' id='word_1_294' title='bbox 1416 3013 1615 3082; x_wconf 79' lang='lat' dir='ltr'><strong>fuerit3</strong></span> <span class='ocrx_word' id='word_1_295' title='bbox 1662 3010 1732 3070; x_wconf 85' lang='lat' dir='ltr'><strong>ad</strong></span> <span class='ocrx_word' id='word_1_296' title='bbox 1764 3007 1947 3067; x_wconf 86' lang='lat' dir='ltr'><strong>omnia</strong></span> <span class='ocrx_word' id='word_1_297' title='bbox 1969 3029 2068 3066; x_wconf 92' lang='lat' dir='ltr'><strong>su-</strong></span> 
     </span>
     <span class='ocr_line' id='line_1_32' title="bbox 337 3101 2068 3183; baseline -0.004 -24"><span class='ocrx_word' id='word_1_298' title='bbox 337 3122 460 3159; x_wconf 91' lang='lat' dir='ltr'><strong>mus</strong></span> <span class='ocrx_word' id='word_1_299' title='bbox 486 3101 702 3182; x_wconf 85' lang='lat' dir='ltr'><strong>parati,</strong></span> <span class='ocrx_word' id='word_1_300' title='bbox 729 3104 977 3183; x_wconf 90' lang='lat' dir='ltr'><strong>quamvis</strong></span> <span class='ocrx_word' id='word_1_301' title='bbox 995 3105 1210 3181; x_wconf 89' lang='lat' dir='ltr'><strong>injuriis</strong></span> <span class='ocrx_word' id='word_1_302' title='bbox 1233 3104 1555 3163; x_wconf 85' lang='lat' dir='ltr'><strong>afficiamur.</strong></span> <span class='ocrx_word' id='word_1_303' title='bbox 1594 3101 1982 3161; x_wconf 82' lang='lat' dir='ltr'><strong>Verumtamen</strong></span> <span class='ocrx_word' id='word_1_304' title='bbox 2005 3108 2068 3154; x_wconf 88' lang='lat' dir='ltr'><strong>ut</strong></span> 
     </span>
    </p>
   </div>
   <div class='ocr_carea' id='block_1_3' title="bbox 337 3214 2064 3351">
    <p class='ocr_par' dir='ltr' id='par_1_8' title="bbox 337 3214 2064 3351">
     <span class='ocr_line' id='line_1_33' title="bbox 395 3214 2064 3284; baseline -0.004 -17"><span class='ocrx_word' id='word_1_305' title='bbox 395 3225 411 3255; x_wconf 87' lang='lat'><strong>¹</strong></span> <span class='ocrx_word' id='word_1_306' title='bbox 429 3228 551 3267; x_wconf 76' lang='lat' dir='ltr'><strong>Jonn.</strong></span> <span class='ocrx_word' id='word_1_307' title='bbox 573 3239 631 3274; x_wconf 81' lang='lat' dir='ltr'><strong>xr,</strong></span> <span class='ocrx_word' id='word_1_308' title='bbox 651 3233 722 3273; x_wconf 78' lang='lat'><strong>41.</strong></span> <span class='ocrx_word' id='word_1_309' title='bbox 751 3224 922 3270; x_wconf 82' lang='lat' dir='ltr'><strong>—21d.</strong></span> <span class='ocrx_word' id='word_1_310' title='bbox 950 3243 1014 3284; x_wconf 69' lang='grc' dir='ltr'><strong>ιι,</strong></span> <span class='ocrx_word' id='word_1_311' title='bbox 1043 3244 1083 3271; x_wconf 86' lang='lat'><strong>2.</strong></span> <span class='ocrx_word' id='word_1_312' title='bbox 1109 3248 1166 3259; x_wconf 94' lang='lat'><strong>——</strong></span> <span class='ocrx_word' id='word_1_313' title='bbox 1186 3225 1205 3258; x_wconf 83' lang='grc'><strong>3</strong></span> <span class='ocrx_word' id='word_1_314' title='bbox 1228 3230 1376 3270; x_wconf 75' lang='lat' dir='ltr'><strong>Matth.</strong></span> <span class='ocrx_word' id='word_1_315' title='bbox 1396 3242 1509 3271; x_wconf 70' lang='lat' dir='ltr'><strong>xxvi.</strong></span> <span class='ocrx_word' id='word_1_316' title='bbox 1539 3228 1610 3269; x_wconf 81' lang='lat'><strong>26.</strong></span> <span class='ocrx_word' id='word_1_317' title='bbox 1629 3214 1721 3257; x_wconf 77' lang='lat'><strong>-⁴</strong></span> <span class='ocrx_word' id='word_1_318' title='bbox 1749 3237 1766 3262; x_wconf 84' lang='lat' dir='ltr'>x</span> <span class='ocrx_word' id='word_1_319' title='bbox 1791 3222 1885 3263; x_wconf 83' lang='lat' dir='ltr'><strong>Cor.</strong></span> <span class='ocrx_word' id='word_1_320' title='bbox 1903 3233 1965 3275; x_wconf 76' lang='lat' dir='ltr'><strong>xx,</strong></span> <span class='ocrx_word' id='word_1_321' title='bbox 1997 3221 2064 3263; x_wconf 85' lang='lat'><strong>13.</strong></span> 
     </span>
     <span class='ocr_line' id='line_1_34' title="bbox 337 3290 1619 3351; baseline 0.002 -16"><span class='ocrx_word' id='word_1_322' title='bbox 337 3290 430 3323; x_wconf 80' lang='lat'><strong>—5</strong></span> <span class='ocrx_word' id='word_1_323' title='bbox 454 3290 602 3337; x_wconf 72' lang='lat' dir='ltr'><strong>Matih.</strong></span> <span class='ocrx_word' id='word_1_324' title='bbox 623 3306 666 3349; x_wconf 85' lang='lat' dir='ltr'><strong>x,</strong></span> <span class='ocrx_word' id='word_1_325' title='bbox 694 3305 762 3346; x_wconf 80' lang='lat'><strong>29.</strong></span> <span class='ocrx_word' id='word_1_326' title='bbox 781 3315 836 3325; x_wconf 95' lang='lat'><strong>—</strong></span> <span class='ocrx_word' id='word_1_327' title='bbox 862 3290 1019 3341; x_wconf 78' lang='lat' dir='ltr'><strong>⁶Joan.</strong></span> <span class='ocrx_word' id='word_1_328' title='bbox 1038 3309 1078 3347; x_wconf 91' lang='lat' dir='ltr'><strong>x,</strong></span> <span class='ocrx_word' id='word_1_329' title='bbox 1102 3296 1170 3341; x_wconf 83' lang='lat'><strong>18,</strong></span> <span class='ocrx_word' id='word_1_330' title='bbox 1197 3319 1250 3329; x_wconf 94' lang='lat'><em>-</em></span> <span class='ocrx_word' id='word_1_331' title='bbox 1271 3293 1289 3325; x_wconf 83' lang='lat'>⁷</span> <span class='ocrx_word' id='word_1_332' title='bbox 1313 3309 1329 3335; x_wconf 91' lang='lat'>1</span> <span class='ocrx_word' id='word_1_333' title='bbox 1356 3295 1463 3338; x_wconf 86' lang='lat' dir='ltr'><strong>Tim.</strong></span> <span class='ocrx_word' id='word_1_334' title='bbox 1485 3308 1551 3351; x_wconf 85' lang='lat'><strong>111,</strong></span> <span class='ocrx_word' id='word_1_335' title='bbox 1577 3307 1619 3337; x_wconf 67' lang='grc' dir='ltr'><strong>α.</strong></span> 
     </span>
    </p>
   </div>
  </div>
 </body>
</html>
