2144 3808
293 336 411 407 420
823 348 874 386 a.
920 345 1229 389 mausum
1268 346 1529 388 nmscoiu

291 434 413 513 ipso
446 453 461 490 x
497 430 626 511 quia
658 439 713 486 et
747 449 901 485 amor
936 440 1183 497 amatur,
1225 448 1324 485 nec
1356 427 1461 485 alio
1498 427 1601 487 nisi
1630 447 1812 487 amore
1853 430 2024 490 amari

288 532 491 600 potest,
519 517 576 576 id
593 530 694 587 est,
723 537 776 572 se
798 515 939 595 ipso,
970 515 1055 572 Ita
1084 528 1208 572 sunt
1227 514 1350 572 haec
1379 514 1590 590 singula
1617 514 1675 572 in
1705 536 1758 574 se
1785 515 1933 596 ipsis,
1958 517 2046 592 In¹

290 608 510 666 alternis
535 619 715 664 autem
736 603 813 661 ita
838 615 993 673 sunt,
1021 604 1152 683 quia
1176 616 1229 660 et
1253 624 1403 661 mens
1429 625 1613 661 amans
1634 604 1690 661 in
1716 626 1896 662 amore
1921 618 2019 678 est,

286 710 340 754 et
368 718 519 755 amor
539 695 598 752 in
623 692 856 751 amantis
882 692 1078 749 notitia
1099 737 1115 763 ‚
1154 706 1207 749 et
1234 693 1428 750 notitia
1451 694 1509 749 in
1541 707 1720 750 mente
1742 709 2014 754 noscente.

289 784 516 860 Singula
559 783 618 840 in
665 780 810 838 binis
849 779 926 838 ita
979 793 1139 851 sunt,
1172 781 1303 860 quia
1347 802 1494 838 mens
1526 801 1652 860 quae
1691 802 1746 838 se
1790 787 1943 841 novit
1972 797 2025 842 et

285 885 432 929 amat
454 917 468 942 ,
500 871 559 927 in
594 889 776 926 amore
805 880 859 925 et
882 868 1078 925 notitia
1101 888 1196 925 sua
1219 882 1327 939 est3
1356 881 1410 925 et
1439 890 1591 926 amor
1613 870 1843 927 amantis
1865 893 2022 928 men-

282 961 350 1025 tis
381 978 598 1039 seseque
618 956 834 1014 scientis
856 1002 869 1025 ‚
906 956 964 1013 in
986 969 1168 1012 mente
1187 957 1492 1034 notitiaque
1521 961 1566 1031 ej
1578 978 1635 1014 us
1658 971 1738 1015 est
1759 983 1773 1025 ;
1802 972 1854 1016 et
1875 961 2024 1017 noti-

280 1049 355 1105 tia
380 1046 575 1103 mentis
603 1065 656 1100 se
688 1043 907 1100 scientis
936 1056 990 1098 et
1025 1044 1254 1099 amantis
1282 1044 1341 1100 in
1368 1057 1546 1100 mente
1572 1059 1734 1124 atque
1761 1047 1817 1103 in
1842 1070 2023 1105 amore

279 1141 394 1211 ejus
415 1147 528 1205 est,
561 1131 692 1212 quia
719 1131 980 1188 scientem
1007 1151 1058 1186 se
1085 1143 1229 1188 amat
1252 1177 1266 1199 ,
1294 1144 1349 1189 et
1377 1149 1647 1190 amantem
1674 1155 1727 1191 se
1748 1137 1917 1195 novit.
1945 1139 2023 1195 Ac

280 1245 379 1303 per
410 1221 519 1279 hoc
552 1233 605 1276 et
631 1219 765 1275 bina
793 1218 850 1275 in
885 1217 1145 1292 singuliS‚
1180 1220 1310 1297 quia
1352 1240 1502 1277 mens
1532 1241 1660 1301 quae
1701 1243 1754 1280 se
1793 1225 1947 1281 novit
1971 1239 2024 1282 et

283 1324 462 1380 amat,
494 1330 619 1367 cum
650 1329 745 1364 sua
780 1319 975 1364 notitla
1001 1319 1081 1364 est
1124 1329 1183 1364 1n
1227 1329 1408 1365 amore
1432 1354 1445 1374 ‚
1480 1322 1532 1366 et
1559 1330 1683 1385 cum
1716 1332 1813 1368 suo
1841 1335 2024 1370 amore

277 1401 332 1457 in
379 1398 574 1456 notitia
615 1418 629 1452 ι
675 1417 830 1465 amor
867 1415 1089 1474 quoque
1123 1396 1238 1474 ipse
1280 1410 1333 1453 et
1374 1398 1567 1455 notitia
1607 1398 1768 1457 simul
1800 1415 1926 1458 sunt
1965 1403 2023 1460 in

276 1499 456 1544 mente
477 1530 490 1551 ,
524 1504 651 1564 quae
675 1504 728 1540 se
757 1494 906 1540 amat
931 1495 984 1539 et
1004 1482 1176 1541 novit.
1202 1483 1343 1540 Tota
1361 1505 1486 1542 vero
1515 1485 1574 1542 in
1604 1487 1729 1544 totis
1754 1489 2020 1567 quemad-

274 1574 506 1632 modum
533 1573 664 1650 sint‚
693 1575 812 1646 jam
839 1591 1007 1648 supra
1037 1570 1402 1641 ostendimuS,
1436 1594 1565 1629 cum
1591 1595 1644 1631 se
1673 1587 1846 1633 totam
1872 1599 2022 1634 mens

277 1676 422 1721 amat
438 1709 454 1731 v,
488 1674 541 1719 et
572 1672 745 1717 totam
772 1659 960 1728 novit,
987 1671 1040 1715 et
1061 1671 1244 1716 totum
1272 1681 1508 1716 amorem
1527 1682 1684 1720 suum
1703 1665 1900 1734 novit,
1931 1678 2021 1722 to-

275 1765 499 1830 tamque
530 1759 678 1805 amat
706 1746 960 1803 notitiam
995 1751 1149 1802 suam
1171 1792 1184 1816 ‚
1217 1747 1440 1825 quando
1466 1749 1568 1804 tria
1596 1749 1697 1807 ista
1725 1750 1793 1808 ad
1819 1774 1872 1808 se
1903 1753 2019 1831 ipsa

273 1838 517 1918 perfecta
559 1847 703 1893 sunt.
747 1834 888 1890 Miro
923 1834 1109 1912 itaque
1155 1834 1320 1892 modo
1359 1835 1461 1891 tria
1490 1835 1592 1893 ista
1634 1837 2020 1917 inseparabilia

203 1946 211 1950 “
276 1938 405 1982 sunt
442 1946 471 1980 a
502 1921 831 1999 semetipsiS‚
883 1933 937 1976 et
978 1920 1161 1977 tamen
1202 1942 1391 1978 eorum
1439 1921 1715 1995 singulum
1761 1926 2021 2006 quodque

272 2010 574 2071 substantia
590 2022 689 2079 est,
714 2022 769 2065 et
797 2007 962 2065 simul
988 2009 1170 2066 onmia
1198 2030 1308 2066 una
1331 2010 1634 2068 substantia
1657 2011 1741 2070 vel
1765 2016 2014 2087 essentia,

221 2120 224 2122 ·
271 2122 402 2159 cum
431 2098 653 2156 relative
678 2096 937 2153 dicantur
971 2095 1040 2153 ad
1063 2096 1317 2156 invicem.

352 2189 451 2246 IX.
505 2184 613 2242 Sed
650 2205 776 2241 cum
811 2205 866 2240 se
903 2183 1080 2262 ipsam
1114 2184 1271 2242 novit
1300 2184 1545 2244 humana
1574 2208 1722 2246 mens
1743 2235 1756 2260 ,
1792 2203 1844 2246 et
1873 2205 2019 2249 amat

269 2299 325 2335 se
353 2277 556 2355 ipsam,
582 2293 695 2329 non
720 2270 927 2350 aliquid
951 2272 1403 2330 incommutabile
1433 2277 1587 2339 novit
1615 2289 1667 2332 et
1693 2291 1839 2335 amat
1861 2325 1875 2348 ‚
1910 2279 2016 2336 ali-

272 2380 466 2442 terque
517 2359 894 2440 unusquisque
932 2359 1103 2416 homo
1146 2357 1426 2439 loquendo
1481 2363 1731 2435 enuntiat
1779 2379 2017 2424 mentem

269 2473 425 2511 suam
442 2496 456 2521 ,
490 2447 625 2528 quid
646 2447 703 2504 in
724 2468 777 2503 se
806 2447 927 2525 ipso
953 2459 1145 2521 agatur
1172 2447 1453 2505 attendens
1472 2474 1486 2516 ;
1507 2449 1663 2507 aliter
1682 2465 1872 2509 *autem
1898 2454 2016 2511 hu-

270 2559 491 2598 manam
520 2548 758 2593 mentem
791 2534 1022 2614 speciali
1052 2548 1146 2592 aut
1175 2537 1409 2610 generali
1451 2539 1760 2612 cogni-tione
1798 2540 2006 2600 definit.

271 2630 466 2706 ltaque
500 2645 628 2682 cum
657 2622 798 2680 mihi
835 2622 903 2679 de
931 2643 1025 2680 sua
1062 2624 1287 2703 propria
1323 2624 1595 2704 loquitur,
1629 2639 1815 2684 utrum
1845 2628 2013 2686 intel-

267 2716 405 2790 ligat
428 2713 539 2771 hoc
574 2723 672 2780 aut
711 2709 887 2780 illud,
923 2731 1103 2767 annon
1134 2710 1429 2786 intelligat,
1460 2725 1512 2769 et
1547 2726 1732 2770 utrum
1772 2714 1902 2784 velit
1944 2737 2014 2772 an

267 2802 409 2862 nolit
439 2789 676 2857 hoc'aut
709 2797 848 2855 illud
874 2843 888 2868 ‚
931 2797 1094 2856 credo
1129 2820 1143 2854 ε
1179 2819 1306 2856 cum
1335 2809 1468 2858 vero
1506 2800 1574 2858 de
1610 2801 1853 2860 humana
1883 2826 2012 2883 spe-

271 2889 480 2948 cialiter
510 2899 605 2944 aut
633 2885 950 2961 generaliter
972 2906 1162 2945 verum
1195 2885 1362 2957 dicit,
1389 2908 1623 2962 agnosco
1650 2901 1704 2947 et
1729 2892 2001 2970 approbo,

271 2977 430 3034 Unde
461 2972 809 3032 manifestum
838 2986 943 3044 est,
971 2973 1119 3031 aliud
1146 2972 1592 3056 unumquemque
1614 2978 1800 3036 videre
1823 2981 1879 3036 in
1915 2999 1970 3036 se
1988 3025 2005 3050 ,

268 3063 422 3146 quod
451 3061 557 3118 sibi
582 3060 716 3119 alius
745 3059 950 3118 dicenti
985 3062 1201 3132 credat,
1229 3062 1341 3121 non
1372 3076 1554 3121 tamen
1591 3065 1775 3124 videat
1810 3088 1824 3123 ε
1859 3066 2011 3125 aliud

265 3166 450 3215 autem
474 3148 531 3205 in
555 3146 675 3225 ipsa
703 3147 930 3204 veritate
948 3193 963 3218 ,
984 3149 1139 3228 quod
1172 3149 1305 3207 alius
1331 3171 1551 3231 quoque
1573 3153 1745 3231 possit
1763 3153 2001 3210 intueri:

255 3258 495 3324 quorum
519 3233 751 3295 alterum
777 3235 977 3293 mutari
1000 3257 1100 3315 per
1129 3250 1403 3317 tempora,
1433 3239 1662 3299 alterum
1684 3241 2009 3299 incommu-
