2144 3808
338 340 608 382 COLLA'rto
652 338 766 377 CUM
809 338 1101 377 ΜΑΧΙΜΙΝΟ
1148 338 1486 382 ARIANORUM
1529 344 1705 385 EPISG.
1839 348 1876 407 9

153 441 272 486 tum
300 424 634 492 illuminare,
661 441 843 477 annon
866 419 1084 478 dixisti?
1106 421 1265 496 Rogo
1294 434 1347 479 te
1375 435 1436 479 ut
1468 444 1635 484 unum
1656 428 1724 487 de
1746 428 1883 488 duo-

151 517 257 574 bus
300 512 535 572 breviter
569 509 708 568 mihi
749 509 1074 589 respondere
1113 510 1645 586 digneris'Dixisti,
1695 540 1879 578 annon

155 602 373 662 dixisti?

235 696 384 750 ΜΑΧ.
429 686 715 767 respondit
752 709 767 744 ε
818 713 845 740 «
871 692 985 764 Ego
1019 687 1286 768 Spiritum
1316 701 1567 747 sanctum
1601 691 1876 771 professus

155 800 274 839 sum
305 775 609 836 secundum
657 774 952 833 Salvatoris
998 776 1401 851 magisterium,
1440 777 1571 856 quia
1611 779 1724 837 sive
1761 779 1886 839 ilIfi-

155 868 369 938 minat,
407 888 436 923 a
461 864 683 922 Christo
714 864 965 944 accepit3
1010 865 1121 923 sive
1153 864 1350 938 docet,
1387 887 1418 923 a
1456 866 1678 926 Christo
1722 889 1881 927 acce-

155 957 276 1037 pit,
302 954 484 1014 omnia
506 974 873 1034 quaecumque
899 954 1036 1030 gerit
1065 953 1302 1034 Spiritus
1340 967 1558 1013 sanctus
1587 955 1658 1014 ab
1689 956 1881 1034 unige-

158 1044 271 1103 nito
328 1045 444 1102 Deo
479 1054 802 1101 consecutus
839 1054 948 1110 est;
984 1054 1037 1099 et
1077 1042 1121 1100 si
1158 1063 1332 1123 parva
1374 1056 1501 1101 sunt
1539 1043 1879 1118 testimonia,

160 1133 380 1192 addo.»

237 1219 308 1282 X.
365 1223 506 1280 Auo.
558 1219 694 1278 dixit
741 1241 755 1278 :
796 1220 876 1279 Ne
910 1220 1059 1279 dicat
1103 1241 1201 1279 nos
1230 1221 1551 1280 calumniari
1573 1268 1589 1295 ,
1635 1222 1888 1300 legantur

160 1311 325 1370 verba
351 1309 522 1391 ipsius
545 1308 712 1390 paulo
735 1310 1007 1390 superiuS.

243 1401 537 1458 ANTONIUS
555 1397 799 1455 notarius
820 1398 889 1456 ad
902 1399 1089 1457 locum
1111 1397 1359 1458 recitavit
1385 1421 1398 1456 ε
1423 1398 1605 1457 «Dico
1622 1399 1891 1480 Spiritum

163 1500 413 1546 sanctum
443 1499 496 1544 et
518 1487 782 1566 profiteor
811 1486 1237 1544 illuminatorem
1265 1507 1365 1565 per
1397 1486 1595 1544 Filium
1615 1534 1630 1558 ,
1663 1501 1724 1545 ut
1763 1501 1886 1546 ante

163 1575 375 1634 dictum
399 1587 509 1645 est,
536 1594 700 1652 quem
719 1573 914 1630 effudit
935 1573 1156 1631 abunde
1173 1573 1231 1630 in
1252 1595 1349 1631 nos
1375 1595 1474 1653 per
1495 1575 1525 1630 J
1531 1595 1678 1632 esum
1700 1575 1888 1634 Chris-

164 1677 279 1722 tum
311 1662 644 1721 Salvatorem
676 1673 940 1719 nostrum.
964 1686 988 1714 n
1013 1661 1266 1740 Cumque
1293 1661 1581 1719 recitatum
1608 1675 1719 1720 est:

245 1753 393 1811 MAx.
446 1749 727 1829 respondit
773 1771 786 1806 :
821 1776 847 1802 «
873 1751 947 1808 Ut
975 1748 1216 1818 videtur,
1258 1750 1374 1830 ipse
1411 1750 1599 1830 potius
1641 1749 1893 1810 dilationi

164 1841 346 1900 studes
367 1887 381 1911 ‚
415 1852 477 1897 ut
499 1860 613 1896 non
644 1839 710 1897 ad
734 1838 1098 1919 principalem
1128 1860 1348 1896 causam
1376 1860 1720 1898 recurramus
1747 1887 1761 1912 ‚
1797 1839 1890 1898 sed

164 1952 263 2012 per
291 1942 468 1987 totum
492 1927 636 1987 diem
653 1928 734 1987 vis
757 1927 1087 2004 argumentis
1110 1949 1210 1986 nos
1233 1929 1290 1986 in
1317 1949 1426 1986 una
1451 1928 1689 1987 detinere
1707 1950 1894 2010 quaes-

165 2020 330 2078 tione.
375 2017 486 2074 Nos
519 2017 664 2074 enim
693 2016 985 2074 recitamus
1007 2062 1022 2087 ‚
1073 2015 1224 2096 quod
1270 2037 1369 2096 per
1414 2016 1614 2075 Filium
1658 2017 1895 2098 Spiritus

167 2121 385 2167 sanctus
413 2107 482 2164 sit
510 2106 708 2163 effusus
723 2152 738 2177 ,
761 2118 814 2163 et
834 2127 943 2163 non
960 2118 1174 2163 tantum
1195 2106 1419 2163 beatum
1447 2105 1683 2165 Paulum
1704 2119 1894 2165 testem

168 2193 524 2276 produximus
546 2239 560 2263 ,
605 2193 963 2251 verumetiam
991 2206 1043 2250 et
1068 2194 1293 2251 Petrum
1327 2195 1566 2275 priorem
1595 2194 1894 2276 Apostolo-

169 2305 309 2343 rum.
347 2282 529 2341 Habet
547 2281 691 2339 enim
712 2282 1023 2362 prosecutio
1049 2295 1257 2353 nostra,
1286 2282 1436 2364 quod
1467 2282 1703 2364 Spiritus
1744 2305 1896 2343 sanc-

170 2386 258 2431 tus
273 2395 301 2430 a
323 2371 547 2429 Christo
571 2371 805 2450 accepit,
828 2370 1125 2429 secundum
1157 2372 1474 2451 praecedens
1489 2372 1889 2432 testimonium:

173 2487 200 2514 c<
224 2459 323 2518 llle
353 2480 437 2517 me
466 2458 796 2516 clarificabit
820 2504 834 2529 ,
860 2460 988 2538 quia
1019 2459 1087 2517 de
1115 2482 1235 2518 meo
1261 2461 1495 2541 accipiet
1515 2475 1568 2520 et
1596 2462 1896 2522 annuntia-

172 2576 199 2604 »
227 2550 312 2607 bit
339 2545 554 2606 vobis1.
587 2571 614 2599 »
635 2545 788 2603 Idem
818 2546 1003 2604 itidem
1027 2549 1343 2629 compulsus
1371 2550 1566 2608 iterum
1597 2551 1746 2622 dieo,
1765 2551 1898 2632 quia

172 2639 282 2698 sive
309 2637 583 2696 illuminat
605 2635 842 2715 Spiritus
870 2650 1088 2694 sanctus
1111 2684 1125 2709 ‚
1149 2638 1258 2696 sive
1290 2637 1451 2697 docet
1472 2686 1486 2709 ‚
1521 2640 1631 2698 sive
1649 2640 1891 2711 instruit,

174 2726 357 2786 omnia
381 2747 412 2783 a
435 2724 657 2783 Christo
683 2738 1003 2782 consecutus
1032 2738 1141 2793 est3
1172 2725 1300 2805 quia
1325 2747 1426 2805 per
1446 2727 1730 2785 Christum
1750 2726 1897 2786 facta

177 2827 303 2873 sunt
327 2812 509 2872 omnia
528 2859 542 2883 ,
569 2825 623 2869 et
643 2811 755 2870 sine
782 2811 878 2870 illo
908 2812 1117 2871 factum
1148 2826 1223 2870 est
1245 2813 1431 2874 nihil2.
1452 2813 1704 2873 Christus
1734 2814 1892 2887 dicit,

178 2901 309 2983 quia
333 2923 362 2959 a
385 2900 623 2977 genitore
654 2921 752 2958 suo
792 2901 974 2958 omnia
1018 2902 1145 2959 haec
1178 2915 1499 2960 consecutus
1529 2916 1645 2976 est,
1682 2916 1735 2961 et
1762 2903 1902 2963 vivit

175 3003 405 3071 propter
428 2991 646 3046 Patrem
667 3034 682 3059 ‚
718 3002 771 3046 et
801 2989 978 3047 omnis
1005 2989 1190 3066 lingua
1218 2991 1530 3063 confitetur,
1558 2993 1690 3074 quia
1710 2992 1900 3051 Domi-

178 3099 280 3137 nus
309 3079 463 3136 Jesus
495 3076 748 3135 Christus
787 3077 845 3135 in
875 3077 1045 3153 gloria
1081 3091 1159 3136 est
1189 3079 1291 3137 Dei
1326 3079 1560 3140 Patris-⁹³.
1606 3107 1633 3133 «
1658 3081 1728 3138 Et
1770 3079 1901 3161 quia

180 3193 207 3222 >2
234 3166 409 3226 omnis
448 3165 552 3225 viri
581 3179 751 3246 caput
787 3166 1039 3225 Christus
1073 3181 1182 3240 est,
1228 3181 1398 3249 caput
1439 3182 1618 3228 autem
1660 3167 1901 3230 mulieris

244 3272 257 3303 ¹
280 3275 402 3315 Joan.
422 3283 508 3326 xvi,
541 3278 607 3317 14.
628 3291 683 3301 —
709 3267 729 3297 2
751 3269 809 3310 Id.
832 3284 862 3320 1,
889 3273 928 3313 3.
946 3293 1004 3304 --
1023 3267 1041 3299 3
1062 3268 1214 3327 Philip.
1239 3285 1288 3320 11,
1316 3286 1380 3314 11.
