2144 3808
600 287 670 325 nn
711 284 1032 337 Tamiram,
1079 286 1194 325 mn.
1241 286 1330 327 111.
1636 286 1639 294 ’
1715 271 1852 350 5575

107 373 251 446 juste
280 368 514 450 accipit,
543 368 652 428 sive
674 367 742 425 ad
764 387 991 447 poenam
1016 387 1169 426 suam
1192 414 1208 439 ‚
1234 368 1347 427 sive
1365 367 1435 426 ad
1462 369 1724 445 aliorum,
1748 373 1838 434 vel

112 478 339 538 poenam
369 458 639 516 malorum
657 501 673 527 ‚
703 455 792 515 vel
812 455 1031 513 laudem
1054 455 1347 517 bonorum.
1748 510 1752 514 .

174 541 342 605 ‘XlVss
401 547 590 624 ltaque
645 543 921 623 apostolus
985 542 1192 602 Paulus
1242 544 1552 604 discernens
1610 546 1838 609 interius

114 636 287 694 Deum
315 645 588 692 creantem
619 645 780 713 atque
804 633 1129 691 formantem
1146 681 1161 706 ‚
1189 633 1262 692 ab
1292 634 1552 715 operibus
1570 649 1840 696 creaturae

111 745 237 804 quae
258 723 622 788 admoventur
644 723 969 780 extrinsecus
993 769 1007 793 ‚
1041 735 1094 780 et
1113 722 1183 780 de
1211 723 1548 798 agricultura
1577 724 1844 785 similitu—-

111 813 291 871 dinem
326 833 596 870 assumens
617 811 732 868 ait:
765 836 791 864 «
816 812 930 885 Ego
953 810 1228 890 plantavi,
1261 810 1459 891 Apollo
1486 811 1710 888 rigavit,
1743 813 1843 873 sed2

111 930 139 958 »
166 903 310 961 Deus
350 903 746 960 incrementum
786 899 988 960 deditst.
1035 927 1063 954 >›
1106 902 1262 959 Sicut
1305 920 1431 978 ergo
1469 902 1527 960 in
1569 905 1689 983 ipsa
1724 904 1848 964 vita*

109 1003 348 1052 nostram
390 1003 625 1048 mentem
663 988 1020 1065 justificando
1073 989 1308 1048 formare
1350 1012 1463 1049 non
1508 1004 1690 1072 potest
1736 994 1842 1052 nisi

109 1082 286 1152 Deum,
319 1079 622 1160 praedicare
644 1091 824 1137 autem
851 1078 1206 1155 Evangelium
1229 1079 1556 1139 extrinsecus
1579 1094 1633 1140 et
1649 1080 1854 1141 homi*

109 1191 204 1229 nes
218 1168 480 1250 possunt,
521 1190 635 1227 non
670 1166 846 1225 solum
876 1166 1012 1224 boni
1055 1189 1154 1248 per
1189 1168 1503 1242 veritatem,
1553 1169 1646 1228 sed
1673 1171 1855 1230 etiam-1

109 1260 240 1319 mali
263 1281 362 1340 per
384 1257 762 1317 occasionem2
791 1277 806 1314 ε
845 1256 923 1314 ita
957 1257 1287 1316 creationem
1321 1279 1502 1317 rerum
1535 1259 1839 1319 visibilium

112 1350 256 1407 Deus
285 1347 508 1406 interius
534 1359 794 1428 operatur
813 1391 826 1416 ‚
853 1345 1135 1403 exteriores
1159 1360 1340 1404 autem
1369 1350 1707 1427 operationes
1726 1348 1851 1407 sive·

108 1437 383 1496 bonorum
425 1436 534 1494 sive
579 1432 878 1505 malorum,
919 1432 1005 1492 vel
1036 1433 1351 1510 angelorum
1388 1435 1472 1493 vel
1512 1435 1851 1508 hominum32

108 1527 219 1585 sive
249 1527 412 1584 etiam
439 1543 918 1606 quorumcumque
942 1522 1256 1581 animalium
1275 1569 1289 1594 ‚
1329 1523 1632 1582 secundum
1658 1525 1842 1606 impe·-

110 1616 253 1676 rium
278 1635 439 1673 suum
468 1627 522 1672 et
547 1637 575 1672 a
597 1635 651 1671 se
671 1612 975 1692 impertitas
997 1611 1408 1671 distributiones
1432 1625 1763 1692 potestatum
1785 1626 1852 1672 et-

109 1705 469 1787 appetitiones
505 1701 960 1787 commoditatum
984 1747 998 1773 ‚
1020 1700 1114 1758 ‘ita
1159 1723 1338 1759 rerum
1374 1715 1586 1760 naturae
1612 1702 1854 1761 adhibet>

107 1794 165 1853 in
193 1815 302 1876 qua
326 1806 475 1851 creat
503 1792 683 1850 omnia
702 1837 716 1862 ,
742 1789 1209 1871 quemadmodum
1238 1804 1394 1849 terrae
1420 1791 1850 1867 agriculturam..

108 1884 468 1966 Quapropter
495 1883 572 1941 ita
601 1903 712 1939 non
739 1901 962 1961 possum
1007 1880 1189 1938 dicere
1219 1879 1432 1956 angelos
1460 1879 1630 1938 malos
1661 1882 1856 1957 magi-²

106 1973 185 2032 cis
210 1974 422 2034 artibus
443 1984 694 2031 evocatos
714 2017 727 2042 ‚
759 1982 1026 2029 creatores
1057 1968 1220 2028 fuisse
1246 1991 1505 2028 ranarum
1536 1982 1699 2049 atque
1721 1990 1839 2028 ser-

105 2061 423 2143 pentium³‚
458 2060 600 2119 sicut
618 2065 736 2118 'non
769 2079 989 2140 possum
1015 2057 1196 2116 dicere
1225 2058 1474 2116 homines
1500 2057 1670 2116 malos
1691 2078 1859 2117 crea-‘-

105 2164 246 2210 tores
265 2167 375 2209 esse
391 2150 600 2226 segetis,
622 2169 790 2229 quam
811 2169 911 2227 per
930 2167 1115 2204 eorum
1131 2168 1353 2228 operam
1370 2145 1556 2205 videro
1568 2159 1830 2207 exortam.
1849 2179 1855 2194 ν

187 2241 307 2300 XV.
359 2239 517 2298 Sicut
552 2259 653 2295 nec
688 2236 865 2294 Jacob
904 2247 1117 2292 creator
1158 2234 1407 2293 colorum
1449 2235 1508 2292 in
1542 2234 1842 2315 pecoribus
1852 2275 1857 2278 -

105 2329 268 2401 fuit⁶,
292 2329 423 2408 quia
449 2325 771 2385 bibentibus
787 2325 846 2381 in
867 2336 1141 2404 conceptu
1165 2323 1438 2382 matribus
1457 2324 1692 2389 variatas
1717 2322 1852 2381 vir-³

107 2442 196 2497 gas
223 2439 359 2500 quas
394 2418 736 2475 intuerentur
777 2413 1086 2494 apposuit-5.
1124 2413 1245 2471 'Sed
1284 2434 1384 2471 nec
1416 2414 1552 2493 ipsae
1602 2410 1841 2493 pecudes

107 2509 392 2569 creatrices
419 2508 642 2565 fuerunt
681 2504 957 2562 varietatis
990 2503 1162 2583 prolis
1197 2523 1341 2574 suae,
1379 2503 1509 2583 quia
1547 2502 1856 2562 inhaeserat¹

108 2600 302 2659 animae
331 2597 548 2656 illarum
584 2594 821 2654 discolor
850 2593 1144 2674 phantasia
1181 2613 1241 2650 ex
1279 2592 1534 2650 contuitu
1562 2591 1858 2650 variarum·

106 2690 377 2765 virgarum
405 2709 505 2769 per
534 2684 721 2744 oculos
746 2684 1002 2764 impressa
1022 2730 1035 2753 ‚
1067 2702 1194 2763 quae
1233 2703 1342 2739 non
1365 2681 1552 2760 potuit
1586 2680 1690 2738 nisi
1710 2694 1854 2740 cor-s

105 2799 210 2860 pus
233 2775 384 2857 quod
410 2775 487 2833 sie
521 2775 713 2832 affecto
737 2774 935 2853 spiritu
964 2771 1313 2830 animabatur
1333 2816 1346 2840 ,
1379 2791 1439 2828 ex
1463 2769 1856 2850 compassione¹

107 2863 503 2925 commixtionis
542 2861 782 2933 afficere,
821 2861 967 2919 unde
1011 2860 1203 2918 teneris
1243 2858 1479 2917 foetuum
1521 2859 1845 2939 primordiis

108 2955 289 3014 colore
313 2966 467 3020 tenus
498 2963 886 3031 aspergeretur.
923 2950 999 3007 Ut
1029 2948 1172 3006 enim
1195 2948 1272 3005 sic
1299 2959 1360 3004 ex
1385 2947 1684 3028 semetipsis
1712 2948 1835 3007 assi-

167 3092 181 3120 1
217 3107 228 3138 g
268 3093 360 3131 Cor.
387 3104 442 3134 m,
468 3089 511 3126 6.
549 3111 598 3117 -—
623 3084 643 3113 ²
663 3065 810 3138 Philip.
840 3099 890 3132 11,
920 3086 988 3127 18,
1015 3108 1065 3115 -
1101 3080 1119 3112 3
1150 3082 1277 3123 Exod.
1314 3097 1395 3136 vn,
1436 3097 1500 3139 rja.
1524 3091 1563 3124 et
1584 3098 1676 3131 virt,
1708 3098 1735 3142 7
1778 3109 1842 3134 -4

108 3157 126 3189 ⁴
148 3161 250 3198 Gen.
275 3170 372 3207 xxx,
401 3162 468 3201 41.
490 3176 539 3183 ——
567 3149 584 3179 5
610 3155 669 3190 De
692 3151 768 3190 hoc
792 3149 879 3189 ride
902 3149 1018 3199 infra,
1043 3149 1113 3190 lib.
1137 3161 1178 3189 xi
1195 3179 1206 3200 ‚
1244 3161 1331 3203 cap.
1356 3162 1395 3199 a,
1425 3148 1464 3189 dt
1482 3148 1552 3189 lib.
1577 3151 1640 3189 De
1670 3143 1846 3194 civitat&

108 3230 195 3279 Dei,
219 3238 287 3273 xn,
306 3235 390 3277 cap.
413 3223 483 3270 25,
505 3227 542 3259 et
563 3219 632 3260 lib.
658 3215 890 3270 xvrrt‚'cap.
921 3218 961 3258 5.
1615 3279 1649 3337 8
1783 3230 1787 3237 .

1583 3299 1598 3337 1
1658 3326 1668 3338 .
