<?xml version="1.0" encoding="UTF-8"?>
<!DOCTYPE html PUBLIC "-//W3C//DTD XHTML 1.0 Transitional//EN"
    "http://www.w3.org/TR/xhtml1/DTD/xhtml1-transitional.dtd">
<html xmlns="http://www.w3.org/1999/xhtml" xml:lang="en" lang="en">
 <head>
  <title>
</title>
<meta http-equiv="Content-Type" content="text/html;charset=utf-8" />
  <meta name='ocr-system' content='tesseract 3.04.00' />
  <meta name='ocr-capabilities' content='ocr_page ocr_carea ocr_par ocr_line ocrx_word'/>
</head>
<body>
  <div class='ocr_page' id='page_1' title='image "./operaomniaaccura30auguuoft_0292.png"; bbox 0 0 2144 3808; ppageno 0'>
   <div class='ocr_carea' id='block_1_1' title="bbox 297 350 1511 411">
    <p class='ocr_par' dir='ltr' id='par_1_1' title="bbox 297 350 1511 411">
     <span class='ocr_line' id='line_1_1' title="bbox 297 350 1511 411; baseline 0.002 -2"><span class='ocrx_word' id='word_1_1' title='bbox 297 350 411 410; x_wconf 78' lang='lat'>282</span> <span class='ocrx_word' id='word_1_2' title='bbox 805 370 849 409; x_wconf 80' lang='lat' dir='ltr'>s,</span> <span class='ocrx_word' id='word_1_3' title='bbox 903 366 1212 410; x_wconf 75' lang='lat' dir='ltr'>Aucus-mm</span> <span class='ocrx_word' id='word_1_4' title='bbox 1257 371 1511 411; x_wconf 71' lang='lat' dir='ltr'>EPISCOPI</span> 
     </span>
    </p>
   </div>
   <div class='ocr_carea' id='block_1_2' title="bbox 292 452 2028 894">
    <p class='ocr_par' dir='ltr' id='par_1_2' title="bbox 292 452 2028 894">
     <span class='ocr_line' id='line_1_2' title="bbox 296 452 2023 533; baseline 0.003 -23"><span class='ocrx_word' id='word_1_5' title='bbox 296 465 561 533; x_wconf 86' lang='lat' dir='ltr'>tanquam</span> <span class='ocrx_word' id='word_1_6' title='bbox 584 452 787 511; x_wconf 91' lang='lat' dir='ltr'>mortui</span> <span class='ocrx_word' id='word_1_7' title='bbox 817 452 1002 511; x_wconf 87' lang='lat' dir='ltr'>saeculi</span> <span class='ocrx_word' id='word_1_8' title='bbox 1020 501 1034 525; x_wconf 91' lang='lat'>‚</span> <span class='ocrx_word' id='word_1_9' title='bbox 1061 453 1164 511; x_wconf 93' lang='lat' dir='ltr'>nisi</span> <span class='ocrx_word' id='word_1_10' title='bbox 1193 454 1470 513; x_wconf 83' lang='lat' dir='ltr'>credentes</span> <span class='ocrx_word' id='word_1_11' title='bbox 1496 455 1555 514; x_wconf 89' lang='lat' dir='ltr'>in</span> <span class='ocrx_word' id='word_1_12' title='bbox 1590 455 1872 516; x_wconf 85' lang='lat' dir='ltr'><strong>Christum</strong></span> <span class='ocrx_word' id='word_1_13' title='bbox 1898 468 2023 515; x_wconf 89' lang='lat' dir='ltr'>tan-</span> 
     </span>
     <span class='ocr_line' id='line_1_3' title="bbox 293 540 2025 626; baseline 0.003 -27"><span class='ocrx_word' id='word_1_14' title='bbox 293 561 455 620; x_wconf 89' lang='lat' dir='ltr'>qurm</span> <span class='ocrx_word' id='word_1_15' title='bbox 495 540 741 600; x_wconf 89' lang='lat' dir='ltr'>devorati</span> <span class='ocrx_word' id='word_1_16' title='bbox 769 540 827 599; x_wconf 90' lang='lat' dir='ltr'>in</span> <span class='ocrx_word' id='word_1_17' title='bbox 855 562 1060 623; x_wconf 91' lang='lat' dir='ltr'>corpus</span> <span class='ocrx_word' id='word_1_18' title='bbox 1102 544 1217 618; x_wconf 84' lang='lat' dir='ltr'>ejus</span> <span class='ocrx_word' id='word_1_19' title='bbox 1252 543 1574 602; x_wconf 88' lang='lat' dir='ltr'>intraverint</span> <span class='ocrx_word' id='word_1_20' title='bbox 1591 543 1636 626; x_wconf 36' lang='lat'>1)</span> <span class='ocrx_word' id='word_1_21' title='bbox 1666 540 1938 622; x_wconf 74' lang='lat' dir='ltr'>res&#39;urgere</span> <span class='ocrx_word' id='word_1_22' title='bbox 1966 545 2025 603; x_wconf 90' lang='lat' dir='ltr'>in</span> 
     </span>
     <span class='ocr_line' id='line_1_4' title="bbox 292 627 2025 711; baseline 0.001 -21"><span class='ocrx_word' id='word_1_23' title='bbox 292 627 391 690; x_wconf 79' lang='lat' dir='ltr'>illo</span> <span class='ocrx_word' id='word_1_24' title='bbox 423 650 534 687; x_wconf 84' lang='lat' dir='ltr'>non</span> <span class='ocrx_word' id='word_1_25' title='bbox 565 641 842 709; x_wconf 85' lang='lat' dir='ltr'>poterunt.</span> <span class='ocrx_word' id='word_1_26' title='bbox 877 631 1045 711; x_wconf 91' lang='lat' dir='ltr'>Lapis</span> <span class='ocrx_word' id='word_1_27' title='bbox 1069 651 1194 706; x_wconf 86' lang='lat' dir='ltr'>ergo</span> <span class='ocrx_word' id='word_1_28' title='bbox 1216 631 1393 689; x_wconf 81' lang='lat' dir='ltr'>Jacob</span> <span class='ocrx_word' id='word_1_29' title='bbox 1416 678 1431 702; x_wconf 87' lang='lat'>‚</span> <span class='ocrx_word' id='word_1_30' title='bbox 1459 644 1522 690; x_wconf 89' lang='lat' dir='ltr'>ut</span> <span class='ocrx_word' id='word_1_31' title='bbox 1541 631 1684 705; x_wconf 82' lang='lat' dir='ltr'>dixi,</span> <span class='ocrx_word' id='word_1_32' title='bbox 1705 633 1896 692; x_wconf 91' lang='lat' dir='ltr'>melius</span> <span class='ocrx_word' id='word_1_33' title='bbox 1919 629 2025 691; x_wconf 63' lang='lat' dir='ltr'>ali÷</span> 
     </span>
     <span class='ocr_line' id='line_1_5' title="bbox 292 716 2026 800; baseline 0.003 -25"><span class='ocrx_word' id='word_1_34' title='bbox 292 716 430 799; x_wconf 85' lang='lat' dir='ltr'>quid</span> <span class='ocrx_word' id='word_1_35' title='bbox 456 718 785 794; x_wconf 85' lang='lat' dir='ltr'>significavit</span> <span class='ocrx_word' id='word_1_36' title='bbox 806 740 970 799; x_wconf 89' lang='lat' dir='ltr'>quam</span> <span class='ocrx_word' id='word_1_37' title='bbox 1006 725 1278 800; x_wconf 83' lang='lat' dir='ltr'>serpentes</span> <span class='ocrx_word' id='word_1_38' title='bbox 1306 722 1654 797; x_wconf 76' lang='lat' dir='ltr'>magorum23</span> <span class='ocrx_word' id='word_1_39' title='bbox 1678 724 1893 780; x_wconf 88' lang='lat' dir='ltr'>atenim</span> <span class='ocrx_word' id='word_1_40' title='bbox 1912 720 2026 780; x_wconf 83' lang='lat' dir='ltr'>fac-</span> 
     </span>
     <span class='ocr_line' id='line_1_6' title="bbox 294 806 2028 894; baseline 0.003 -30"><span class='ocrx_word' id='word_1_41' title='bbox 294 820 411 866; x_wconf 89' lang='lat' dir='ltr'>tum</span> <span class='ocrx_word' id='word_1_42' title='bbox 441 828 725 884; x_wconf 86' lang='lat' dir='ltr'>magorum</span> <span class='ocrx_word' id='word_1_43' title='bbox 743 806 917 865; x_wconf 91' lang='lat' dir='ltr'>multo</span> <span class='ocrx_word' id='word_1_44' title='bbox 937 807 1265 869; x_wconf 81' lang='lat' dir='ltr'>mirabilius,</span> <span class='ocrx_word' id='word_1_45' title='bbox 1293 809 1496 867; x_wconf 89' lang='lat' dir='ltr'>Verum</span> <span class='ocrx_word' id='word_1_46' title='bbox 1521 809 1644 869; x_wconf 87' lang='lat' dir='ltr'>haec</span> <span class='ocrx_word' id='word_1_47' title='bbox 1665 811 1741 868; x_wconf 89' lang='lat' dir='ltr'>ita</span> <span class='ocrx_word' id='word_1_48' title='bbox 1754 831 1864 869; x_wconf 91' lang='lat' dir='ltr'>non</span> <span class='ocrx_word' id='word_1_49' title='bbox 1884 830 2028 894; x_wconf 84' lang='lat' dir='ltr'>prae-</span> 
     </span>
    </p>
   </div>
   <div class='ocr_carea' id='block_1_3' title="bbox 290 893 2085 1045">
    <p class='ocr_par' dir='ltr' id='par_1_3' title="bbox 290 893 2085 1043">
     <span class='ocr_line' id='line_1_7' title="bbox 290 893 2029 979; baseline 0.002 -25"><span class='ocrx_word' id='word_1_50' title='bbox 290 893 546 972; x_wconf 85' lang='lat' dir='ltr'>judicant</span> <span class='ocrx_word' id='word_1_51' title='bbox 574 895 738 954; x_wconf 89' lang='lat' dir='ltr'>rebus</span> <span class='ocrx_word' id='word_1_52' title='bbox 768 895 1136 972; x_wconf 87' lang='lat' dir='ltr'>intelligendis</span> <span class='ocrx_word' id='word_1_53' title='bbox 1155 942 1170 967; x_wconf 88' lang='lat'>,</span> <span class='ocrx_word' id='word_1_54' title='bbox 1201 910 1465 979; x_wconf 84' lang='lat' dir='ltr'>tanquam</span> <span class='ocrx_word' id='word_1_55' title='bbox 1492 897 1536 957; x_wconf 90' lang='lat' dir='ltr'>si</span> <span class='ocrx_word' id='word_1_56' title='bbox 1563 898 1802 958; x_wconf 90' lang='lat' dir='ltr'>hominis</span> <span class='ocrx_word' id='word_1_57' title='bbox 1826 919 2029 957; x_wconf 88' lang='lat' dir='ltr'>nomen</span> 
     </span>
     <span class='ocr_line' id='line_1_8' title="bbox 292 982 2085 1045; baseline 0.001 -2"><span class='ocrx_word' id='word_1_58' title='bbox 292 982 569 1043; x_wconf 81' lang='lat' dir='ltr'>scribatur</span> <span class='ocrx_word' id='word_1_59' title='bbox 592 1005 723 1041; x_wconf 89' lang='lat' dir='ltr'>auro</span> <span class='ocrx_word' id='word_1_60' title='bbox 751 996 804 1041; x_wconf 90' lang='lat' dir='ltr'>et</span> <span class='ocrx_word' id='word_1_61' title='bbox 836 984 928 1042; x_wconf 85' lang='lat' dir='ltr'>Dei</span> <span class='ocrx_word' id='word_1_62' title='bbox 960 998 1281 1045; x_wconf 79' lang='lat' dir='ltr'>atramento,</span> <span class='ocrx_word' id='word_1_63' title='bbox 2083 984 2085 987; x_wconf 59' lang='grc'><strong>’</strong></span> 
     </span>
    </p>
   </div>
   <div class='ocr_carea' id='block_1_4' title="bbox 285 1070 2118 3363">
    <p class='ocr_par' dir='ltr' id='par_1_4' title="bbox 285 1070 2118 3363">
     <span class='ocr_line' id='line_1_9' title="bbox 298 1070 2031 1154; baseline 0.002 -24"><span class='ocrx_word' id='word_1_64' title='bbox 298 1080 303 1110; x_wconf 76' lang='lat'><em>³</em></span> <span class='ocrx_word' id='word_1_65' title='bbox 373 1072 527 1130; x_wconf 80' lang='lat' dir='ltr'><strong>XXI.</strong></span> <span class='ocrx_word' id='word_1_66' title='bbox 582 1070 709 1129; x_wconf 89' lang='lat' dir='ltr'>lllas</span> <span class='ocrx_word' id='word_1_67' title='bbox 729 1071 892 1129; x_wconf 86' lang='lat' dir='ltr'>etiam</span> <span class='ocrx_word' id='word_1_68' title='bbox 923 1073 1098 1130; x_wconf 89' lang='lat' dir='ltr'>nubes</span> <span class='ocrx_word' id='word_1_69' title='bbox 1134 1085 1187 1129; x_wconf 90' lang='lat' dir='ltr'>et</span> <span class='ocrx_word' id='word_1_70' title='bbox 1208 1073 1360 1148; x_wconf 89' lang='lat' dir='ltr'>ignes</span> <span class='ocrx_word' id='word_1_71' title='bbox 1382 1073 1665 1154; x_wconf 89' lang='lat' dir='ltr'>quomodo</span> <span class='ocrx_word' id='word_1_72' title='bbox 1690 1074 1917 1134; x_wconf 84' lang='lat' dir='ltr'><strong>fecerint</strong></span> <span class='ocrx_word' id='word_1_73' title='bbox 1943 1073 2031 1133; x_wconf 88' lang='lat' dir='ltr'>vel</span> 
     </span>
     <span class='ocr_line' id='line_1_10' title="bbox 294 1158 2026 1243; baseline 0.001 -25"><span class='ocrx_word' id='word_1_74' title='bbox 294 1158 681 1239; x_wconf 81' lang='lat' dir='ltr'><strong>assumpserint</strong></span> <span class='ocrx_word' id='word_1_75' title='bbox 699 1159 969 1235; x_wconf 84' lang='lat' dir='ltr'>Angeliad</span> <span class='ocrx_word' id='word_1_76' title='bbox 984 1160 1407 1237; x_wconf 83' lang='lat' dir='ltr'>significandum</span> <span class='ocrx_word' id='word_1_77' title='bbox 1431 1162 1583 1243; x_wconf 89' lang='lat' dir='ltr'>quod</span> <span class='ocrx_word' id='word_1_78' title='bbox 1609 1163 2026 1235; x_wconf 82' lang='lat' dir='ltr'>annuntiabant,</span> 
     </span>
     <span class='ocr_line' id='line_1_11' title="bbox 294 1248 2034 1333; baseline 0.001 -25"><span class='ocrx_word' id='word_1_79' title='bbox 294 1248 505 1308; x_wconf 88' lang='lat' dir='ltr'>etiamsi</span> <span class='ocrx_word' id='word_1_80' title='bbox 544 1249 814 1307; x_wconf 88' lang='lat' dir='ltr'>Dominus</span> <span class='ocrx_word' id='word_1_81' title='bbox 853 1249 939 1308; x_wconf 82' lang='lat' dir='ltr'>vel</span> <span class='ocrx_word' id='word_1_82' title='bbox 979 1252 1218 1332; x_wconf 73' lang='lat' dir='ltr'>Spiritus</span> <span class='ocrx_word' id='word_1_83' title='bbox 1253 1265 1470 1310; x_wconf 87' lang='lat' dir='ltr'>sanctus</span> <span class='ocrx_word' id='word_1_84' title='bbox 1516 1252 1623 1310; x_wconf 91' lang='lat' dir='ltr'>illis</span> <span class='ocrx_word' id='word_1_85' title='bbox 1654 1251 2034 1333; x_wconf 78' lang='lat' dir='ltr'>corporalibus</span> 
     </span>
     <span class='ocr_line' id='line_1_12' title="bbox 295 1335 2113 1419; baseline 0.001 -23"><span class='ocrx_word' id='word_1_86' title='bbox 295 1335 487 1397; x_wconf 88' lang='lat' dir='ltr'>formis</span> <span class='ocrx_word' id='word_1_87' title='bbox 513 1336 925 1406; x_wconf 76' lang='lat' dir='ltr'>ostendebatur,</span> <span class='ocrx_word' id='word_1_88' title='bbox 956 1339 1078 1419; x_wconf 89' lang='lat' dir='ltr'>quis</span> <span class='ocrx_word' id='word_1_89' title='bbox 1102 1340 1256 1398; x_wconf 89' lang='lat' dir='ltr'>novit</span> <span class='ocrx_word' id='word_1_90' title='bbox 1275 1339 1567 1399; x_wconf 89' lang='lat' dir='ltr'>hominum</span> <span class='ocrx_word' id='word_1_91' title='bbox 1587 1343 1612 1398; x_wconf 64' lang='lat'>,2</span> <span class='ocrx_word' id='word_1_92' title='bbox 1631 1340 1773 1399; x_wconf 89' lang='lat' dir='ltr'>sicut</span> <span class='ocrx_word' id='word_1_93' title='bbox 1801 1338 2034 1398; x_wconf 86' lang='lat' dir='ltr'>infantes</span> <span class='ocrx_word' id='word_1_94' title='bbox 2106 1372 2113 1379; x_wconf 95' lang='lat'><strong>·</strong></span> 
     </span>
     <span class='ocr_line' id='line_1_13' title="bbox 296 1425 2034 1509; baseline 0 -24"><span class='ocrx_word' id='word_1_95' title='bbox 296 1446 408 1486; x_wconf 86' lang='lat' dir='ltr'>non</span> <span class='ocrx_word' id='word_1_96' title='bbox 429 1438 700 1483; x_wconf 88' lang='lat' dir='ltr'>noverunt</span> <span class='ocrx_word' id='word_1_97' title='bbox 729 1425 880 1505; x_wconf 89' lang='lat' dir='ltr'>quod</span> <span class='ocrx_word' id='word_1_98' title='bbox 909 1425 967 1484; x_wconf 91' lang='lat' dir='ltr'>in</span> <span class='ocrx_word' id='word_1_99' title='bbox 995 1426 1156 1485; x_wconf 88' lang='lat' dir='ltr'>altari</span> <span class='ocrx_word' id='word_1_100' title='bbox 1183 1428 1434 1509; x_wconf 85' lang='lat' dir='ltr'>ponitur,</span> <span class='ocrx_word' id='word_1_101' title='bbox 1468 1441 1522 1486; x_wconf 90' lang='lat' dir='ltr'>et</span> <span class='ocrx_word' id='word_1_102' title='bbox 1556 1441 1780 1509; x_wconf 85' lang='lat' dir='ltr'>peracta</span> <span class='ocrx_word' id='word_1_103' title='bbox 1817 1426 2034 1507; x_wconf 87' lang='lat' dir='ltr'>pietatis</span> 
     </span>
     <span class='ocr_line' id='line_1_14' title="bbox 299 1512 2118 1616; baseline 0.001 -43"><span class='ocrx_word' id='word_1_104' title='bbox 299 1512 664 1589; x_wconf 82' lang='lat' dir='ltr'>celebratione</span> <span class='ocrx_word' id='word_1_105' title='bbox 686 1515 1055 1586; x_wconf 87' lang='lat' dir='ltr'>consumitur,</span> <span class='ocrx_word' id='word_1_106' title='bbox 1092 1515 1239 1574; x_wconf 88' lang='lat' dir='ltr'>unde</span> <span class='ocrx_word' id='word_1_107' title='bbox 1265 1516 1351 1575; x_wconf 89' lang='lat' dir='ltr'>vel</span> <span class='ocrx_word' id='word_1_108' title='bbox 1374 1516 1655 1616; x_wconf 78' lang='lat' dir='ltr'>quomodo</span> <span class='ocrx_word' id='word_1_109' title='bbox 1684 1515 2032 1589; x_wconf 88' lang='lat' dir='ltr'>conficiatur,</span> <span class='ocrx_word' id='word_1_110' title='bbox 2116 1592 2118 1594; x_wconf 12' lang='lat' dir='ltr'>v</span> 
     </span>
     <span class='ocr_line' id='line_1_15' title="bbox 297 1583 2037 1687; baseline 0.001 -26"><span class='ocrx_word' id='word_1_111' title='bbox 297 1583 524 1661; x_wconf 87' lang='lat' dir='ltr'>undem</span> <span class='ocrx_word' id='word_1_112' title='bbox 554 1623 712 1661; x_wconf 90' lang='lat' dir='ltr'>usum</span> <span class='ocrx_word' id='word_1_113' title='bbox 752 1603 1028 1680; x_wconf 86' lang='lat' dir='ltr'>religionis</span> <span class='ocrx_word' id='word_1_114' title='bbox 1066 1618 1387 1666; x_wconf 86' lang='lat' dir='ltr'>assumatur.</span> <span class='ocrx_word' id='word_1_115' title='bbox 1438 1607 1478 1662; x_wconf 83' lang='grc' dir='ltr'><strong>Γ</strong></span> <span class='ocrx_word' id='word_1_116' title='bbox 1486 1619 1508 1663; x_wconf 91' lang='lat' dir='ltr'>t</span> <span class='ocrx_word' id='word_1_117' title='bbox 1541 1605 1586 1663; x_wconf 91' lang='lat' dir='ltr'>si</span> <span class='ocrx_word' id='word_1_118' title='bbox 1612 1626 1892 1687; x_wconf 90' lang='lat' dir='ltr'>nunquam</span> <span class='ocrx_word' id='word_1_119' title='bbox 1918 1604 2037 1662; x_wconf 87' lang='lat' dir='ltr'>dis-</span> 
     </span>
     <span class='ocr_line' id='line_1_16' title="bbox 298 1679 2037 1775; baseline 0.001 -24"><span class='ocrx_word' id='word_1_120' title='bbox 298 1704 426 1751; x_wconf 86' lang='lat' dir='ltr'>cant</span> <span class='ocrx_word' id='word_1_121' title='bbox 448 1679 816 1774; x_wconf 74' lang='lat' dir='ltr'>experimento</span> <span class='ocrx_word' id='word_1_122' title='bbox 843 1693 929 1751; x_wconf 79' lang='lat' dir='ltr'>vel</span> <span class='ocrx_word' id='word_1_123' title='bbox 957 1715 1056 1752; x_wconf 91' lang='lat' dir='ltr'>suo</span> <span class='ocrx_word' id='word_1_124' title='bbox 1083 1693 1171 1752; x_wconf 87' lang='lat' dir='ltr'>vel</span> <span class='ocrx_word' id='word_1_125' title='bbox 1193 1694 1458 1765; x_wconf 88' lang='lat' dir='ltr'>aliorum,</span> <span class='ocrx_word' id='word_1_126' title='bbox 1491 1707 1544 1752; x_wconf 88' lang='lat' dir='ltr'>et</span> <span class='ocrx_word' id='word_1_127' title='bbox 1571 1714 1856 1775; x_wconf 88' lang='lat' dir='ltr'>nunquam</span> <span class='ocrx_word' id='word_1_128' title='bbox 1883 1692 2037 1753; x_wconf 88' lang='lat' dir='ltr'>illam</span> 
     </span>
     <span class='ocr_line' id='line_1_17' title="bbox 297 1780 2037 1862; baseline 0.001 -22"><span class='ocrx_word' id='word_1_129' title='bbox 297 1780 532 1862; x_wconf 84' lang='lat' dir='ltr'>speciem</span> <span class='ocrx_word' id='word_1_130' title='bbox 558 1803 738 1841; x_wconf 90' lang='lat' dir='ltr'>rerum</span> <span class='ocrx_word' id='word_1_131' title='bbox 767 1782 1012 1853; x_wconf 88' lang='lat' dir='ltr'>videant,</span> <span class='ocrx_word' id='word_1_132' title='bbox 1035 1782 1137 1841; x_wconf 91' lang='lat' dir='ltr'>nisi</span> <span class='ocrx_word' id='word_1_133' title='bbox 1163 1784 1304 1841; x_wconf 88' lang='lat' dir='ltr'>inter</span> <span class='ocrx_word' id='word_1_134' title='bbox 1317 1782 1707 1842; x_wconf 84' lang='lat' dir='ltr'>celebrationes</span> <span class='ocrx_word' id='word_1_135' title='bbox 1733 1802 2037 1841; x_wconf 89' lang='lat' dir='ltr'>sacramen-</span> 
     </span>
     <span class='ocr_line' id='line_1_18' title="bbox 296 1871 2038 1955; baseline -0.001 -25"><span class='ocrx_word' id='word_1_136' title='bbox 296 1879 477 1930; x_wconf 85' lang='lat' dir='ltr'>torum</span> <span class='ocrx_word' id='word_1_137' title='bbox 510 1892 639 1930; x_wconf 89' lang='lat' dir='ltr'>cum</span> <span class='ocrx_word' id='word_1_138' title='bbox 668 1873 900 1930; x_wconf 86' lang='lat' dir='ltr'>offertur</span> <span class='ocrx_word' id='word_1_139' title='bbox 929 1886 983 1930; x_wconf 89' lang='lat' dir='ltr'>et</span> <span class='ocrx_word' id='word_1_140' title='bbox 1017 1872 1206 1945; x_wconf 84' lang='lat' dir='ltr'>datur,</span> <span class='ocrx_word' id='word_1_141' title='bbox 1234 1873 1562 1955; x_wconf 86' lang='lat' dir='ltr'>dicaturque</span> <span class='ocrx_word' id='word_1_142' title='bbox 1582 1872 1690 1931; x_wconf 91' lang='lat' dir='ltr'>illis</span> <span class='ocrx_word' id='word_1_143' title='bbox 1715 1871 2038 1930; x_wconf 87' lang='lat' dir='ltr'>auctoritate</span> 
     </span>
     <span class='ocr_line' id='line_1_19' title="bbox 293 1959 2037 2042; baseline -0.001 -23"><span class='ocrx_word' id='word_1_144' title='bbox 293 1959 637 2036; x_wconf 84' lang='lat' dir='ltr'>gravissima,</span> <span class='ocrx_word' id='word_1_145' title='bbox 672 1963 833 2036; x_wconf 82' lang='lat' dir='ltr'>cujus</span> <span class='ocrx_word' id='word_1_146' title='bbox 867 1982 1068 2042; x_wconf 88' lang='lat' dir='ltr'>corpus</span> <span class='ocrx_word' id='word_1_147' title='bbox 1097 1976 1150 2020; x_wconf 88' lang='lat' dir='ltr'>et</span> <span class='ocrx_word' id='word_1_148' title='bbox 1177 1961 1395 2038; x_wconf 87' lang='lat' dir='ltr'>sanguis</span> <span class='ocrx_word' id='word_1_149' title='bbox 1424 1961 1493 2018; x_wconf 91' lang='lat' dir='ltr'>sit</span> <span class='ocrx_word' id='word_1_150' title='bbox 1514 2006 1527 2031; x_wconf 84' lang='lat'><strong>‚</strong></span> <span class='ocrx_word' id='word_1_151' title='bbox 1562 1959 1707 2019; x_wconf 90' lang='lat' dir='ltr'>nihil</span> <span class='ocrx_word' id='word_1_152' title='bbox 1731 1959 1883 2019; x_wconf 85' lang='lat' dir='ltr'>aliud</span> <span class='ocrx_word' id='word_1_153' title='bbox 1905 1980 2037 2018; x_wconf 87' lang='lat' dir='ltr'>cre-</span> 
     </span>
     <span class='ocr_line' id='line_1_20' title="bbox 295 2049 2038 2133; baseline 0 -26"><span class='ocrx_word' id='word_1_154' title='bbox 295 2049 458 2121; x_wconf 87' lang='lat' dir='ltr'>dent,</span> <span class='ocrx_word' id='word_1_155' title='bbox 487 2049 593 2108; x_wconf 83' lang='lat' dir='ltr'>&#39;nisi</span> <span class='ocrx_word' id='word_1_156' title='bbox 625 2049 849 2109; x_wconf 87' lang='lat' dir='ltr'>omnino</span> <span class='ocrx_word' id='word_1_157' title='bbox 880 2052 939 2108; x_wconf 92' lang='lat' dir='ltr'>in</span> <span class='ocrx_word' id='word_1_158' title='bbox 974 2051 1070 2110; x_wconf 90' lang='lat' dir='ltr'>illa</span> <span class='ocrx_word' id='word_1_159' title='bbox 1094 2054 1273 2133; x_wconf 89' lang='lat' dir='ltr'>specie</span> <span class='ocrx_word' id='word_1_160' title='bbox 1314 2050 1611 2109; x_wconf 91' lang='lat' dir='ltr'>Dominum</span> <span class='ocrx_word' id='word_1_161' title='bbox 1643 2049 1816 2109; x_wconf 90' lang='lat' dir='ltr'>oculis</span> <span class='ocrx_word' id='word_1_162' title='bbox 1853 2071 2038 2130; x_wconf 88' lang='lat' dir='ltr'>appa-</span> 
     </span>
     <span class='ocr_line' id='line_1_21' title="bbox 293 2137 2035 2221; baseline 0 -24"><span class='ocrx_word' id='word_1_163' title='bbox 293 2139 463 2197; x_wconf 85' lang='lat' dir='ltr'>ruisse</span> <span class='ocrx_word' id='word_1_164' title='bbox 503 2139 817 2197; x_wconf 83' lang='lat' dir='ltr'>mortalium</span> <span class='ocrx_word' id='word_1_165' title='bbox 839 2186 853 2210; x_wconf 92' lang='lat'><strong>,</strong></span> <span class='ocrx_word' id='word_1_166' title='bbox 890 2154 943 2198; x_wconf 87' lang='lat' dir='ltr'>et</span> <span class='ocrx_word' id='word_1_167' title='bbox 974 2140 1043 2199; x_wconf 94' lang='lat' dir='ltr'>de</span> <span class='ocrx_word' id='word_1_168' title='bbox 1081 2141 1251 2199; x_wconf 90' lang='lat' dir='ltr'>latere</span> <span class='ocrx_word' id='word_1_169' title='bbox 1296 2140 1393 2199; x_wconf 91' lang='lat' dir='ltr'>tali</span> <span class='ocrx_word' id='word_1_170' title='bbox 1430 2160 1720 2221; x_wconf 85' lang='lat' dir='ltr'>percusso,</span> <span class='ocrx_word' id='word_1_171' title='bbox 1762 2137 2035 2221; x_wconf 88' lang='lat' dir='ltr'>liquorem</span> 
     </span>
     <span class='ocr_line' id='line_1_22' title="bbox 301 2226 2039 2299; baseline -0.001 -13"><span class='ocrx_word' id='word_1_172' title='bbox 301 2227 457 2286; x_wconf 88' lang='lat' dir='ltr'>illum</span> <span class='ocrx_word' id='word_1_173' title='bbox 489 2228 715 2286; x_wconf 90' lang='lat' dir='ltr'>omnino</span> <span class='ocrx_word' id='word_1_174' title='bbox 746 2228 1013 2290; x_wconf 77' lang='lat' dir='ltr'>fluxisse-⁹².</span> <span class='ocrx_word' id='word_1_175' title='bbox 1051 2229 1192 2288; x_wconf 91' lang='lat' dir='ltr'>Mihi</span> <span class='ocrx_word' id='word_1_176' title='bbox 1217 2242 1397 2288; x_wconf 90' lang='lat' dir='ltr'>autem</span> <span class='ocrx_word' id='word_1_177' title='bbox 1421 2228 1646 2287; x_wconf 88' lang='lat' dir='ltr'>omnino</span> <span class='ocrx_word' id='word_1_178' title='bbox 1670 2226 1803 2285; x_wconf 90' lang='lat' dir='ltr'>utile</span> <span class='ocrx_word' id='word_1_179' title='bbox 1822 2241 1939 2299; x_wconf 86' lang='lat' dir='ltr'>est,</span> <span class='ocrx_word' id='word_1_180' title='bbox 1977 2239 2039 2284; x_wconf 88' lang='lat' dir='ltr'>ut</span> 
     </span>
     <span class='ocr_line' id='line_1_23' title="bbox 301 2315 2041 2390; baseline -0.001 -14"><span class='ocrx_word' id='word_1_181' title='bbox 301 2318 643 2377; x_wconf 88' lang='lat' dir='ltr'>meminerim</span> <span class='ocrx_word' id='word_1_182' title='bbox 672 2318 875 2377; x_wconf 87' lang='lat' dir='ltr'>virium</span> <span class='ocrx_word' id='word_1_183' title='bbox 900 2340 1177 2390; x_wconf 89' lang='lat' dir='ltr'>mearum,</span> <span class='ocrx_word' id='word_1_184' title='bbox 1210 2317 1403 2378; x_wconf 84' lang='lat' dir='ltr'>fratres</span> <span class='ocrx_word' id='word_1_185' title='bbox 1447 2339 1512 2376; x_wconf 93' lang='lat' dir='ltr'>ue</span> <span class='ocrx_word' id='word_1_186' title='bbox 1536 2337 1683 2375; x_wconf 87' lang='lat' dir='ltr'>meos</span> <span class='ocrx_word' id='word_1_187' title='bbox 1719 2315 2041 2375; x_wconf 88' lang='lat' dir='ltr'>admoneam</span> 
     </span>
     <span class='ocr_line' id='line_1_24' title="bbox 285 2340 2042 2488; baseline -0.002 -23"><span class='ocrx_word' id='word_1_188' title='bbox 285 2420 363 2465; x_wconf 82' lang='lat' dir='ltr'>ut</span> <span class='ocrx_word' id='word_1_189' title='bbox 385 2407 568 2488; x_wconf 13' lang='lat' dir='ltr'>etvipsi</span> <span class='ocrx_word' id='word_1_190' title='bbox 593 2407 944 2466; x_wconf 85' lang='lat' dir='ltr'>meminerint</span> <span class='ocrx_word' id='word_1_191' title='bbox 974 2430 1237 2480; x_wconf 85' lang='lat' dir='ltr'>suarum,</span> <span class='ocrx_word' id='word_1_192' title='bbox 1282 2340 1522 2466; x_wconf 70' lang='lat' dir='ltr'>neultra</span> <span class='ocrx_word' id='word_1_193' title='bbox 1549 2426 1718 2487; x_wconf 88' lang='lat' dir='ltr'>quam</span> <span class='ocrx_word' id='word_1_194' title='bbox 1756 2418 1939 2463; x_wconf 88' lang='lat' dir='ltr'>tutum</span> <span class='ocrx_word' id='word_1_195' title='bbox 1964 2416 2042 2463; x_wconf 87' lang='lat' dir='ltr'>est</span> 
     </span>
     <span class='ocr_line' id='line_1_25' title="bbox 300 2492 2043 2577; baseline -0.002 -23"><span class='ocrx_word' id='word_1_196' title='bbox 300 2494 543 2554; x_wconf 90' lang='lat' dir='ltr'>bumana</span> <span class='ocrx_word' id='word_1_197' title='bbox 579 2495 970 2577; x_wconf 86' lang='lat' dir='ltr'>progrediatur</span> <span class='ocrx_word' id='word_1_198' title='bbox 1012 2497 1320 2556; x_wconf 82' lang='lat' dir='ltr'>infirmitas,</span> <span class='ocrx_word' id='word_1_199' title='bbox 1373 2493 1855 2566; x_wconf 86' lang='lat' dir='ltr'>Quemadmodum</span> <span class='ocrx_word' id='word_1_200' title='bbox 1896 2492 2043 2551; x_wconf 89' lang='lat' dir='ltr'>enim</span> 
     </span>
     <span class='ocr_line' id='line_1_26' title="bbox 303 2580 2044 2668; baseline -0.003 -25"><span class='ocrx_word' id='word_1_201' title='bbox 303 2584 429 2644; x_wconf 85' lang='lat' dir='ltr'>baec</span> <span class='ocrx_word' id='word_1_202' title='bbox 451 2584 659 2644; x_wconf 85' lang='lat' dir='ltr'>faciant</span> <span class='ocrx_word' id='word_1_203' title='bbox 683 2586 872 2662; x_wconf 85' lang='lat' dir='ltr'>Angeli</span> <span class='ocrx_word' id='word_1_204' title='bbox 890 2633 906 2659; x_wconf 84' lang='lat'>‚</span> <span class='ocrx_word' id='word_1_205' title='bbox 929 2586 1016 2645; x_wconf 90' lang='lat' dir='ltr'>vel</span> <span class='ocrx_word' id='word_1_206' title='bbox 1045 2587 1231 2668; x_wconf 86' lang='lat' dir='ltr'>potius</span> <span class='ocrx_word' id='word_1_207' title='bbox 1256 2589 1405 2644; x_wconf 91' lang='lat' dir='ltr'>Deus</span> <span class='ocrx_word' id='word_1_208' title='bbox 1429 2581 1896 2664; x_wconf 88' lang='lat' dir='ltr'>quemadmodum</span> <span class='ocrx_word' id='word_1_209' title='bbox 1918 2580 2044 2639; x_wconf 83' lang='lat' dir='ltr'>haec</span> 
     </span>
     <span class='ocr_line' id='line_1_27' title="bbox 303 2669 2045 2757; baseline -0.003 -24"><span class='ocrx_word' id='word_1_210' title='bbox 303 2674 472 2735; x_wconf 87' lang='lat' dir='ltr'>faciat</span> <span class='ocrx_word' id='word_1_211' title='bbox 494 2697 595 2757; x_wconf 90' lang='lat' dir='ltr'>per</span> <span class='ocrx_word' id='word_1_212' title='bbox 629 2675 863 2753; x_wconf 85' lang='lat' dir='ltr'>Angelos</span> <span class='ocrx_word' id='word_1_213' title='bbox 885 2697 1010 2735; x_wconf 90' lang='lat' dir='ltr'>suos</span> <span class='ocrx_word' id='word_1_214' title='bbox 1028 2723 1043 2749; x_wconf 87' lang='lat'><strong><em>‚</em></strong></span> <span class='ocrx_word' id='word_1_215' title='bbox 1070 2690 1125 2734; x_wconf 91' lang='lat' dir='ltr'>et</span> <span class='ocrx_word' id='word_1_216' title='bbox 1150 2688 1422 2757; x_wconf 89' lang='lat' dir='ltr'>quantum</span> <span class='ocrx_word' id='word_1_217' title='bbox 1447 2670 1565 2730; x_wconf 88' lang='lat' dir='ltr'>fieri</span> <span class='ocrx_word' id='word_1_218' title='bbox 1592 2669 1723 2730; x_wconf 79' lang='lat' dir='ltr'>velit</span> <span class='ocrx_word' id='word_1_219' title='bbox 1756 2671 1917 2729; x_wconf 91' lang='lat' dir='ltr'>etiam</span> <span class='ocrx_word' id='word_1_220' title='bbox 1945 2691 2045 2752; x_wconf 88' lang='lat' dir='ltr'>per</span> 
     </span>
     <span class='ocr_line' id='line_1_28' title="bbox 305 2757 2038 2840; baseline -0.004 -17"><span class='ocrx_word' id='word_1_221' title='bbox 305 2763 537 2840; x_wconf 88' lang='lat' dir='ltr'>Angelos</span> <span class='ocrx_word' id='word_1_222' title='bbox 559 2762 728 2822; x_wconf 89' lang='lat' dir='ltr'>malos</span> <span class='ocrx_word' id='word_1_223' title='bbox 743 2811 756 2835; x_wconf 90' lang='lat'><strong><em>‚</em></strong></span> <span class='ocrx_word' id='word_1_224' title='bbox 787 2764 899 2822; x_wconf 88' lang='lat' dir='ltr'>sive</span> <span class='ocrx_word' id='word_1_225' title='bbox 924 2764 1174 2833; x_wconf 89' lang='lat' dir='ltr'>sinend0‚</span> <span class='ocrx_word' id='word_1_226' title='bbox 1197 2764 1308 2822; x_wconf 88' lang='lat' dir='ltr'>sive</span> <span class='ocrx_word' id='word_1_227' title='bbox 1325 2757 1577 2838; x_wconf 88' lang='lat' dir='ltr'>jubendo</span> <span class='ocrx_word' id='word_1_228' title='bbox 1594 2805 1608 2830; x_wconf 85' lang='grc'>,</span> <span class='ocrx_word' id='word_1_229' title='bbox 1633 2757 1747 2820; x_wconf 72' lang='lat' dir='ltr'>sive.</span> <span class='ocrx_word' id='word_1_230' title='bbox 1769 2758 2038 2835; x_wconf 85' lang='lat' dir='ltr'>cogendo,</span> 
     </span>
     <span class='ocr_line' id='line_1_29' title="bbox 303 2844 2061 2933; baseline -0.003 -23"><span class='ocrx_word' id='word_1_231' title='bbox 303 2874 365 2910; x_wconf 84' lang='lat' dir='ltr'>ex</span> <span class='ocrx_word' id='word_1_232' title='bbox 396 2844 615 2912; x_wconf 71' lang='lat' dir='ltr'>occulta</span> <span class='ocrx_word' id='word_1_233' title='bbox 653 2852 778 2912; x_wconf 88' lang='lat' dir='ltr'>sede</span> <span class='ocrx_word' id='word_1_234' title='bbox 807 2852 1055 2911; x_wconf 89' lang='lat' dir='ltr'>altissimi</span> <span class='ocrx_word' id='word_1_235' title='bbox 1084 2850 1311 2933; x_wconf 88' lang='lat' dir='ltr'>imperii</span> <span class='ocrx_word' id='word_1_236' title='bbox 1338 2849 1456 2921; x_wconf 88' lang='lat' dir='ltr'>sui,</span> <span class='ocrx_word' id='word_1_237' title='bbox 1491 2867 1593 2906; x_wconf 90' lang='lat' dir='ltr'>nec</span> <span class='ocrx_word' id='word_1_238' title='bbox 1624 2847 1910 2906; x_wconf 91' lang='lat' dir='ltr'>oculorum</span> <span class='ocrx_word' id='word_1_239' title='bbox 1933 2846 2061 2905; x_wconf 75' lang='lat' dir='ltr'>acie‘</span> 
     </span>
     <span class='ocr_line' id='line_1_30' title="bbox 302 2937 2043 3022; baseline -0.003 -23"><span class='ocrx_word' id='word_1_240' title='bbox 302 2940 618 3022; x_wconf 83' lang='lat' dir='ltr'>penetrare,</span> <span class='ocrx_word' id='word_1_241' title='bbox 656 2964 757 3002; x_wconf 87' lang='lat' dir='ltr'>nec</span> <span class='ocrx_word' id='word_1_242' title='bbox 803 2942 1011 3002; x_wconf 87' lang='lat' dir='ltr'>fiducia</span> <span class='ocrx_word' id='word_1_243' title='bbox 1040 2941 1267 3001; x_wconf 89' lang='lat' dir='ltr'>rationis</span> <span class='ocrx_word' id='word_1_244' title='bbox 1293 2937 1608 3008; x_wconf 84' lang='lat' dir='ltr'>enucleare,</span> <span class='ocrx_word' id='word_1_245' title='bbox 1647 2958 1748 2996; x_wconf 91' lang='lat' dir='ltr'>nec</span> <span class='ocrx_word' id='word_1_246' title='bbox 1777 2948 2043 3017; x_wconf 88' lang='lat' dir='ltr'>provectu</span> 
     </span>
     <span class='ocr_line' id='line_1_31' title="bbox 303 3023 2044 3111; baseline -0.005 -22"><span class='ocrx_word' id='word_1_247' title='bbox 303 3032 500 3089; x_wconf 88' lang='lat' dir='ltr'>mentis</span> <span class='ocrx_word' id='word_1_248' title='bbox 529 3030 996 3111; x_wconf 79' lang='lat' dir='ltr'>comprehendere</span> <span class='ocrx_word' id='word_1_249' title='bbox 1027 3029 1180 3089; x_wconf 88' lang='lat' dir='ltr'>valeo</span> <span class='ocrx_word' id='word_1_250' title='bbox 1202 3076 1216 3101; x_wconf 89' lang='lat'><strong><em>‚</em></strong></span> <span class='ocrx_word' id='word_1_251' title='bbox 1248 3042 1309 3087; x_wconf 89' lang='lat' dir='ltr'>ut</span> <span class='ocrx_word' id='word_1_252' title='bbox 1338 3041 1447 3088; x_wconf 84' lang='lat' dir='ltr'>tam</span> <span class='ocrx_word' id='word_1_253' title='bbox 1472 3038 1651 3085; x_wconf 89' lang='lat' dir='ltr'>certus</span> <span class='ocrx_word' id='word_1_254' title='bbox 1679 3024 1812 3083; x_wconf 88' lang='lat' dir='ltr'>hinc</span> <span class='ocrx_word' id='word_1_255' title='bbox 1844 3023 2044 3104; x_wconf 85' lang='lat' dir='ltr'>loquar</span> 
     </span>
     <span class='ocr_line' id='line_1_32' title="bbox 304 3112 2041 3201; baseline -0.005 -23"><span class='ocrx_word' id='word_1_256' title='bbox 304 3119 371 3179; x_wconf 90' lang='lat' dir='ltr'>ad</span> <span class='ocrx_word' id='word_1_257' title='bbox 397 3119 581 3180; x_wconf 82' lang='lat' dir='ltr'>omnia</span> <span class='ocrx_word' id='word_1_258' title='bbox 607 3140 732 3199; x_wconf 84' lang='lat' dir='ltr'>quae</span> <span class='ocrx_word' id='word_1_259' title='bbox 760 3120 963 3201; x_wconf 86' lang='lat' dir='ltr'>requiri</span> <span class='ocrx_word' id='word_1_260' title='bbox 994 3119 1062 3178; x_wconf 88' lang='lat' dir='ltr'>de</span> <span class='ocrx_word' id='word_1_261' title='bbox 1087 3119 1174 3178; x_wconf 88' lang='lat' dir='ltr'>his</span> <span class='ocrx_word' id='word_1_262' title='bbox 1210 3118 1373 3178; x_wconf 88' lang='lat' dir='ltr'>rebus</span> <span class='ocrx_word' id='word_1_263' title='bbox 1402 3127 1661 3198; x_wconf 85' lang='lat' dir='ltr'>possunt,</span> <span class='ocrx_word' id='word_1_264' title='bbox 1693 3134 1858 3195; x_wconf 89' lang='lat' dir='ltr'>quam</span> <span class='ocrx_word' id='word_1_265' title='bbox 1886 3112 1930 3171; x_wconf 87' lang='lat' dir='ltr'>si</span> <span class='ocrx_word' id='word_1_266' title='bbox 1955 3134 2041 3172; x_wconf 90' lang='lat' dir='ltr'>es-</span> 
     </span>
     <span class='ocr_line' id='line_1_33' title="bbox 293 3201 2039 3289; baseline -0.005 -20"><span class='ocrx_word' id='word_1_267' title='bbox 293 3228 412 3269; x_wconf 84' lang='lat' dir='ltr'>sem.</span> <span class='ocrx_word' id='word_1_268' title='bbox 436 3206 670 3285; x_wconf 84' lang='lat' dir='ltr'>Angelus</span> <span class='ocrx_word' id='word_1_269' title='bbox 686 3252 703 3279; x_wconf 90' lang='lat'>,</span> <span class='ocrx_word' id='word_1_270' title='bbox 733 3220 831 3266; x_wconf 85' lang='lat' dir='ltr'>aut</span> <span class='ocrx_word' id='word_1_271' title='bbox 855 3207 1168 3289; x_wconf 84' lang='lat' dir='ltr'>Propheta,</span> <span class='ocrx_word' id='word_1_272' title='bbox 1195 3220 1290 3267; x_wconf 87' lang='lat' dir='ltr'>aut</span> <span class='ocrx_word' id='word_1_273' title='bbox 1310 3203 1606 3287; x_wconf 82' lang='lat' dir='ltr'>Apostolus</span> <span class='ocrx_word' id='word_1_274' title='bbox 1633 3248 1650 3274; x_wconf 93' lang='lat'><strong>,</strong></span> <span class='ocrx_word' id='word_1_275' title='bbox 1685 3228 1712 3255; x_wconf 76' lang='grc' dir='ltr'><strong>κ</strong></span> <span class='ocrx_word' id='word_1_276' title='bbox 1732 3201 2039 3279; x_wconf 85' lang='lat' dir='ltr'>Cogitatio-</span> 
     </span>
     <span class='ocr_line' id='line_1_34' title="bbox 366 3307 1682 3363; baseline -0.001 -9"><span class='ocrx_word' id='word_1_277' title='bbox 366 3310 791 3362; x_wconf 73' lang='lat' dir='ltr'>¹Exod.v11‚¹2.-</span> <span class='ocrx_word' id='word_1_278' title='bbox 809 3310 829 3342; x_wconf 81' lang='lat'>²</span> <span class='ocrx_word' id='word_1_279' title='bbox 852 3316 958 3357; x_wconf 61' lang='lat' dir='ltr'>Gen.</span> <span class='ocrx_word' id='word_1_280' title='bbox 986 3327 1127 3363; x_wconf 65' lang='lat' dir='ltr'>xxxin,</span> <span class='ocrx_word' id='word_1_281' title='bbox 1155 3315 1219 3354; x_wconf 78' lang='lat'>18.</span> <span class='ocrx_word' id='word_1_282' title='bbox 1246 3335 1301 3343; x_wconf 94' lang='lat'>—-</span> <span class='ocrx_word' id='word_1_283' title='bbox 1322 3307 1342 3340; x_wconf 76' lang='grc'><strong>3</strong></span> <span class='ocrx_word' id='word_1_284' title='bbox 1362 3313 1481 3352; x_wconf 78' lang='lat' dir='ltr'>Joan.</span> <span class='ocrx_word' id='word_1_285' title='bbox 1507 3321 1595 3355; x_wconf 74' lang='lat' dir='ltr'>xxx,</span> <span class='ocrx_word' id='word_1_286' title='bbox 1614 3307 1682 3353; x_wconf 64' lang='lat'>35-</span> 
     </span>
    </p>
   </div>
  </div>
 </body>
</html>
