2144 3808
272 238 387 299 288
799 257 843 297 s·
897 227 1204 300 Aususrmi
1248 260 1503 300 EPISCOPI

269 341 403 422 quia
435 351 566 397 tunc
602 343 752 398 Deus
795 343 1108 417 cognovisse
1144 344 1526 421 intelligendus
1558 357 1668 417 est,
1703 344 1795 404 sed
1834 345 1999 422 egisse

270 441 332 487 ut
358 450 458 509 per
487 429 668 487 Deum
689 429 805 510 ipse
835 430 1119 491 Abraham
1145 447 1491 510 cognosceret
1515 447 1748 514 quantas
1771 433 2000 493 haberet

270 518 410 580 vires
440 517 621 578 cordis
652 518 721 577 ad
743 519 1112 580 obediendum
1146 524 1258 582 Deo
1287 544 1457 604 usque
1478 523 1545 582 ad
1570 522 2000 582 immolationem

269 607 423 667 unici
441 607 542 666 filii
566 630 581 666 t
614 607 710 666 illo
735 608 900 667 modo
922 609 1216 670 locutionis
1242 620 1351 693 quo‘
1386 613 1724 689 significatur
1759 633 1858 693 per
1881 610 2019 671 effi*

268 697 502 757 cientem
530 697 590 756 id
628 697 780 778 quod
810 698 1073 773 efficitur,
1125 701 1263 760 sicut
1296 702 1502 761 dicitur
1528 701 1706 778 vfrigus
1739 702 1960 782 pigrum
1981 748 1996 773 ,

267 786 421 867 quod
446 786 630 867 pigros
655 786 823 857 facit3
851 801 914 846 ut
939 788 1063 847 ideo
1089 791 1402 866 cognovisse
1426 790 1701 848 diceretur
1720 835 1733 860 ‚
1770 789 1899 869 quia
1918 789 2004 868 ip-

267 897 389 935 sum
429 875 718 934 Abraham
748 898 1072 954 cognoscere
1118 878 1350 951 fecerat,
1393 901 1558 961 quem
1596 892 1811 960 poterat
1839 878 2004 936 latere

268 964 398 1024 fidei
422 986 536 1024 suae
558 966 819 1038 firmitaS,
862 968 966 1025 nisi
1002 968 1100 1026 tali
1135 970 1501 1049 experimento
1530 969 1879 1050 probaretur.
1917 969 2005 1025 Ita

266 1068 319 1114 et
349 1054 444 1112 hic
471 1054 884 1130 cognominavit
911 1056 1197 1113 Abraham
1234 1078 1435 1115 nomen
1459 1058 1570 1115 loci
1600 1057 1749 1114 illius·
1773 1077 1788 1114 t
1823 1083 1849 1109 ε(
1878 1060 2004 1114 Do·-

266 1169 294 1197 ›>
315 1143 497 1200 minus
529 1139 670 1199 vidit
696 1163 711 1198 ι
739 1167 765 1194 >>
792 1140 850 1198 id
880 1154 959 1199 est
978 1189 993 1214 ,
1019 1143 1172 1224 quod
1200 1143 1375 1202 videri
1402 1166 1454 1203 se
1482 1144 1628 1205 fecit.
1665 1146 1805 1203 Nam
1829 1145 2003 1203 conti-

263 1252 375 1298 nuo
405 1242 622 1289 secutus
646 1230 722 1287 ait
747 1250 761 1286 ε
799 1254 825 1283 «
848 1230 1135 1289 Utdicant
1160 1231 1328 1291 hodie
1349 1232 1500 1314 quod
1520 1233 1579 1290 in
1600 1246 1785 1290 monte
1806 1233 2003 1290 Domi-

266 1346 294 1374 »
315 1340 425 1380 nus¹
443 1318 592 1377 visus
625 1330 720 1376 est.
754 1343 779 1371 n
815 1318 960 1376 Ecce
991 1318 1138 1377 idem
1170 1320 1408 1397 Angelus
1451 1321 1720 1379 Dominus
1749 1319 1997 1379 dicitur:

263 1429 433 1490 quare
454 1453 469 1479 ,
498 1406 603 1465 nisi
627 1406 759 1487 quia
785 1427 888 1487 per
922 1406 1194 1483 Angelum
1227 1409 1542 1468 Dominus?
1573 1408 1828 1474 Jamvero
1852 1410 1911 1467 in
1940 1430 2003 1467 eo

265 1496 417 1579 quod
438 1496 682 1577 sequitur
699 1542 714 1568 ,
751 1495 1078 1576 prophetice
1103 1498 1327 1557 omnino
1350 1497 1597 1579 loquitur
1644 1497 1879 1575 Angelus
1901 1544 1915 1570 ,
1949 1511 2004 1556 et

263 1605 490 1669 prorsus
514 1585 687 1667 aperit
709 1583 858 1665 quod
882 1607 982 1665 per
1003 1585 1272 1662 Angelum
1295 1587 1440 1645 Deus
1461 1586 1735 1667 loquatur.
1770 1612 1797 1639 ε(
1813 1590 1885 1643 Et
1904 1605 2003 1646 vo-

263 1703 291 1731 »
312 1676 493 1748 cavit,
536 1674 719 1756 inquit
737 1720 753 1747 ,
808 1673 1045 1750 Angelus
1079 1675 1303 1734 Domini
1348 1676 1633 1734 Abraham
1683 1675 1882 1733 iterum
1933 1673 2002 1732 de

267 1766 459 1826 »coelo
481 1813 496 1837 ‚
534 1764 722 1823 dicens
758 1785 772 1821 :
807 1765 914 1822 Per
942 1785 1029 1822 me
1057 1766 1273 1840 juravi,
1307 1765 1443 1823 dicit
1468 1764 1766 1835 DominuS‚
1805 1784 1910 1844 pro
1939 1783 2001 1820 eo

263 1882 293 1910 2>
319 1854 473 1938 quod
492 1852 668 1912 fecisti
689 1853 799 1911 hoc
819 1852 1053 1912 verbum
1081 1866 1134 1910 et
1170 1875 1283 1911 non
1314 1853 1607 1935 pepercisti
1637 1852 1752 1910 filio
1788 1865 1884 1910 tuo
1909 1851 2002 1909 di·—

266 1945 458 2004 »lecto
491 1954 724 2024 propter
748 1961 835 1998 me
853 1986 868 2012 ,
901 1940 1043 1999 etc².
1075 1966 1102 1993 »
1131 1941 1269 2000 Haec
1293 1955 1436 2000 certe
1459 1941 1630 2001 verba
1654 1954 1715 1998 ut
1735 1940 1886 1998 dicat
1911 1938 2003 1997 ille

263 2055 364 2115 per
391 2053 556 2114 quem
587 2029 834 2111 loquitur
869 2027 1142 2087 Dominus
1171 2051 1185 2086 ε
1234 2055 1262 2082 «
1289 2030 1426 2088 Haec
1459 2029 1615 2103 dicit,
1633 2027 1903 2098 Dominus
1925 2073 1941 2099 ,
1973 2053 2001 2080 ))

265 2123 428 2182 etiam
458 2120 758 2201 Prophetae
786 2117 963 2176 solent
1001 2117 1224 2178 habere.
1278 2120 1364 2177 An
1396 2118 1564 2176 Filius
1597 2117 1700 2174 Dei
1735 2116 1802 2175 de
1837 2117 2002 2174 Patre

263 2211 340 2270 ait
368 2233 383 2268 ε
419 2235 446 2263 «
470 2208 621 2267 Dicit
653 2206 926 2266 Dominus
949 2252 964 2278 ,
993 2233 1019 2260 ›>
1049 2219 1103 2265 et
1130 2207 1247 2288 ipse
1275 2221 1354 2265 est
1377 2206 1468 2266 ille
1507 2206 1740 2283 Angelus
1775 2204 1997 2263 Patris?

264 2298 417 2373 Quid
441 2319 568 2375 ergo
583 2343 598 2367 ,
624 2295 694 2355 de
718 2295 826 2355 illis
846 2294 1025 2353 tribus
1044 2295 1176 2354 viris
1197 2317 1378 2354 nonne
1398 2295 1698 2376 respiciunt
1718 2291 1998 2374 quomodo

264 2400 595 2464 urgeantur,
619 2385 719 2466 qui
737 2383 840 2445 visi
858 2396 986 2442 sunt
1007 2383 1252 2443 Abrahae
1272 2429 1287 2457 ,
1317 2405 1446 2443 cum
1468 2383 1802 2464 praedictum
1824 2394 1955 2440 esset
1978 2401 1993 2438 t

263 2504 290 2531 (ι
320 2477 482 2537 Visus
509 2488 589 2534 est
618 2475 667 2533 ei
701 2473 970 2533 Dominus
983 2471 1024 2533 ¹⁹³.
1069 2502 1097 2526 n
1123 2475 1210 2532 An
1237 2473 1370 2553 quia
1398 2474 1503 2533 viri
1546 2473 1682 2532 dicti
1710 2484 1856 2543 sunt,
1885 2491 1999 2528 non

262 2580 417 2626 erant
445 2564 673 2643 Angelii)
697 2562 982 2623 Danielem
1015 2561 1199 2643 legant
1224 2562 1533 2623 dicentem:
1564 2590 1592 2617 ε(
1615 2564 1756 2620 Ecce
1771 2561 1858 2620 vir
1879 2561 1998 2619 Ga·-

263 2682 291 2710 »
315 2653 516 2715 hrie13.
559 2680 588 2708 >>

345 2742 550 2803 XXVI.
597 2740 705 2800 Sed
727 2739 865 2822 quid
894 2739 1038 2800 ultra
1066 2739 1366 2800 differimus
1387 2760 1482 2799 ora
1501 2759 1689 2798 eorum
1712 2735 1999 2798 evidentis-

261 2832 397 2891 simo
427 2844 594 2913 atque
622 2830 937 2908 gravissimo
957 2828 1064 2888 alio
1088 2830 1418 2889 documento
1443 2827 1692 2910 oppilare
1712 2873 1726 2899 ,
1757 2826 1858 2885 ubi
1884 2846 1997 2883 non

264 2918 501 2995 Angelus
530 2917 896 2995 singulariter,
924 2938 1025 2975 nec
1041 2915 1146 2977 viri
1172 2914 1489 2997 pluraliter,
1517 2914 1610 2974 sed
1639 2914 1861 2974 omnino
1885 2913 1995 2972 An-

263 3007 367 3085 geli
406 3007 705 3080 dicuntur,
738 3029 840 3089 per
875 3028 1013 3088 quos
1047 3027 1222 3064 sermo
1251 3027 1363 3064 non
1402 3005 1638 3087 quilibet
1662 3003 1867 3074 factUS,
1900 2999 1994 3059 sed

324 3160 338 3189 ¹
360 3161 449 3202 Gen
482 3171 588 3215 xxxx,
616 3155 1005 3208 15.-21‹1.xv1n‚
1032 3172 1069 3201 1.
1098 3178 1154 3188 —
1174 3152 1192 3185 ³
1213 3159 1317 3202 Dan.
1347 3170 1407 3212 xx,
1437 3170 1508 3200 αι.
