2144 3808
282 305 403 375 314
801 321 844 358 S.
897 305 1207 360 Aucusrtm
1250 320 1532 360 EPIscorl·

277 406 362 466 dis
391 416 555 487 atque
577 400 882 480 mergendis
903 449 919 475 ‚
951 400 1117 460 falsus
1141 401 1411 461 mediator
1439 403 1675 484 opponit
1695 450 1710 477 ,
1739 403 1892 487 quod
1921 422 2016 464 su-

276 494 464 577 perbis
482 491 741 552 facillime
759 490 1051 572 persuadet
1073 490 1300 549 irridere
1318 504 1480 574 atque
1503 506 1850 552 contemnere
1871 513 2018 561 mor·

275 596 387 642 tem
413 581 656 654 Christi,
691 603 722 639 a
752 600 861 660 qua
884 580 1000 660 ipse
1030 588 1238 661 quanto
1266 592 1346 639 est
1368 581 1616 655 alienior,
1650 595 1804 642 tanto
1837 582 1907 642 ab
1937 583 2013 642 eis

273 671 517 732 creditur
545 670 786 730 sanctior
828 681 991 750 atque
1028 669 1286 731 divinior.
1327 670 1441 743 Qui
1472 683 1655 731 tamen
1687 672 1840 754 apud
1881 687 2013 731 eum

278 760 599 843 paucissimi
629 772 1038 832 remanserunt,
1073 759 1495 836 agnoscentibus
1537 761 1792 838 gentibus
1833 774 1886 820 et
1922 761 2017 842 pia

278 849 595 909 humilitate
618 848 943 908 bibentibus
964 849 1205 930 pretium
1227 868 1385 908 suum
1403 896 1418 920 ,
1454 853 1677 932 ejusque
1702 849 1907 909 fiducia
1927 849 2021 908 de-

280 938 584 998 serentibus
611 938 828 996 hostem
860 951 1049 1011 suum,
1087 950 1140 996 et
1169 938 1627 997 concurrentibus
1658 938 1727 997 ad
1755 938 2021 1019 redemp-

280 1041 458 1087 torem
498 1045 678 1086 suum.
716 1027 904 1086 Nescit
927 1026 1075 1084 enim
1106 1026 1362 1086 diabolus
1394 1026 1673 1108 quomodo
1695 1027 1790 1086 illo
1814 1040 1866 1086 et
1893 1027 2023 1086 insi·

281 1117 468 1176 diante
499 1124 553 1173 et
576 1115 792 1174 furente
821 1126 1014 1173 utatur
1044 1114 1116 1173 ad
1149 1114 1380 1174 salutem
1407 1112 1654 1174 fidelium
1686 1134 1909 1175 suorum
1935 1138 2020 1175 ex-

283 1204 665 1264 cellentissima
700 1204 964 1285 sapientia
1007 1203 1144 1276 Dei,
1196 1226 1227 1262 a
1275 1205 1383 1262 fine
1413 1204 1692 1286 superiore
1717 1252 1733 1275 ,
1765 1205 1918 1287 'quod
1946 1219 2026 1264 est

281 1295 507 1354 initium
536 1293 796 1376 spiritalis
831 1303 1097 1354 creaturae
1121 1341 1136 1366 ,
1171 1309 1343 1376 usque
1374 1293 1444 1353 ad
1473 1295 1640 1353 finem
1669 1293 1981 1355 inferiorem
2005 1341 2019 1367 ,

283 1382 437 1464 quod
459 1393 539 1440 est
562 1402 710 1440 mors
737 1382 1017 1463 corporiS‚
1050 1382 1380 1463 pertendens
1403 1382 1618 1442 fortiter
1647 1395 1700 1442 et
1732 1382 2028 1465 disponens

285 1472 470 1530 omnia
483 1469 775 1531 suaviter1.
799 1471 1035 1548 Attingit
1054 1472 1199 1531 enim
1219 1471 1428 1554 ubique
1447 1472 1677 1554 propter
1694 1491 1847 1532 suam
1867 1492 2027 1530 mun-

286 1559 482 1620 ditiam
503 1607 519 1633 ‚
555 1572 610 1618 et
635 1559 780 1619 nihil
808 1560 1159 1641 inquinatum
1192 1561 1252 1620 in
1279 1578 1400 1620 eam
1428 1561 1663 1621 incurrit
1679 1561 1722 1619 ².
1777 1567 1823 1621 A
1852 1573 2027 1620 morte

285 1662 469 1709 autem
490 1649 668 1709 carnis
697 1648 871 1708 alieno
896 1648 1123 1709 diabolo
1146 1697 1161 1723 ,
1195 1649 1342 1710 unde
1365 1649 1600 1710 nimium
1640 1650 1910 1732 superbus
1934 1649 2027 1708 in-

287 1738 470 1813 cedit,
496 1757 644 1798 mors
674 1738 894 1798 alterius
934 1741 1142 1817 generis
1181 1754 1533 1822 praeparatur
1555 1741 1615 1800 in
1653 1754 1856 1799 aeterno
1902 1740 2028 1817 igne

285 1829 498 1903 tartari,
525 1849 638 1912 quo
652 1848 766 1889 non
781 1829 959 1890 solum
979 1850 1110 1890 cum
1132 1831 1357 1890 terrenis
1371 1878 1386 1903 ,
1414 1828 1508 1890 sed
1528 1831 1688 1890 etiam
1705 1850 1834 1889 cum
1859 1828 2029 1888 aereis

286 1919 616 2002 corporibus
640 1919 939 1979 excruciari
953 1919 1177 2001 spiritus
1197 1921 1422 2002 possint.
1455 1920 1697 2002 Superbi
1719 1931 1902 1978 autem
1924 1917 2030 1976 ho-

288 2009 461 2069 mines
482 2055 498 2081 ,
525 2008 731 2090 quibus
766 2008 1024 2068 Christus
1042 2057 1057 2083 ,
1096 2009 1229 2092 quia
1254 2023 1504 2069 mortuus
1528 2022 1606 2068 est
1627 2056 1642 2082 ,
1669 2007 1831 2069 viluit
1849 2005 1895 2080 ³,
1925 2005 2026 2064 ubi

283 2110 384 2158 n'os
407 2112 525 2157 tam
542 2115 744 2175 magno
773 2097 906 2157 emit
930 2145 947 2171 ,
979 2111 1033 2157 et
1055 2099 1218 2158 istam
1243 2111 1478 2158 mortem
1502 2097 1745 2158 reddunt
1773 2117 1903 2156 cum
1923 2094 2029 2155 ho-

283 2187 530 2248 minibus
556 2186 866 2247 conditioni
894 2205 1219 2248 aerumnosae
1255 2200 1501 2262 naturae,
1545 2203 1672 2270 quae
1705 2185 1948 2245 trahitur
1998 2207 2030 2244 a

288 2276 473 2359 primo
500 2289 759 2359 peccato,
800 2290 854 2337 et
877 2277 942 2336 in
977 2273 1132 2336 illam
1176 2296 1305 2337 cum
1342 2272 1440 2336 illo
1489 2273 2019 2359 praecipitabuntur.

290 2366 474 2439 Quem
509 2379 804 2448 propterea
835 2365 1062 2426 Christo
1090 2375 1545 2448 praeposuerunt,
1582 2366 1713 2448 quia
1743 2384 1832 2424 eos
1861 2364 1920 2422 in
1945 2363 2028 2422 is-

288 2465 403 2514 tam
428 2454 646 2532 dejecit,
669 2477 781 2538 quo
801 2478 902 2539 per
929 2455 1220 2516 distantem
1249 2456 1514 2538 naturam*
1526 2455 1641 2537 ipse
1663 2475 1774 2513 non
1795 2450 2019 2538 cecidit,

290 2557 346 2604 et
371 2561 484 2627 quo
510 2557 742 2627 propter
769 2565 860 2604 eos
895 2566 996 2627 per
1022 2547 1299 2624 ingentem
1328 2543 1759 2605 misericordiam
1779 2540 1870 2601 ille
1896 2541 2024 2600 des-

292 2633 478 2695 cendit
513 2657 526 2693 :
560 2648 614 2694 et
633 2647 818 2695 tamen
838 2656 892 2695 se
920 2632 1276 2696 daemonibus
1295 2657 1404 2696 esse
1431 2633 1678 2694 meliores
1702 2653 1815 2691 non
1856 2628 2031 2690 dubi-

291 2731 413 2784 tant
444 2720 694 2799 credere,
722 2745 920 2808 eosque
948 2725 1254 2785 maledictis
1283 2720 1538 2802 omnibus
1569 2718 1828 2780 insectari
1851 2720 2032 2779 detes-

290 2815 506 2896 tarique
531 2834 646 2875 non
679 2827 915 2890 cessant,
957 2833 1096 2898 quos
1127 2825 1272 2876 certe
1312 2811 1511 2875 alienos
1536 2811 1606 2870 ab
1636 2811 1809 2888 hujus
1838 2808 2028 2868 mortis

292 2902 541 2985 passione
563 2917 837 2967 noverunt
855 2952 871 2978 ,
898 2918 1129 2988 propter
1142 2909 1312 2988 quain
1330 2900 1619 2961 Christum
1640 2906 2019 2969 contemnunt.'

291 2991 409 3052 Nec
433 2993 511 3053 sic
537 2993 734 3055 volunt
753 2992 1124 3066 considerare,
1154 3008 1321 3074 quam
1345 2990 1464 3050 fieri
1490 2988 1757 3073 potuerit,
1794 2999 1855 3046 ut
1879 2986 1937 3046 in
1964 3006 2018 3045 se

295 3086 549 3156 inanem,
593 3104 693 3142 nec
720 3105 821 3166 per
860 3106 916 3144 se
953 3085 1134 3166 ipsum
1166 3092 1226 3140 e'x
1265 3079 1377 3141 ulla
1413 3093 1570 3162 parte
1616 3071 1884 3136 mutabile
1927 3073 2030 3134 Dei

295 3173 563 3246 Verbum,
585 3196 683 3254 per
693 3173 962 3233 inferioris
979 3186 1161 3232 tamen
1174 3185 1388 3231 naturae
1400 3169 1802 3251 susceptionem
1822 3162 2031 3246 aliquid

358 3279 373 3309 ²
395 3281 490 3336 Sap.
507 3288 597 3331 vm,
620 3294 655 3321 1.
677 3299 736 3310 —
753 3277 858 3327 21d,
884 3289 959 3337 vu,
980 3286 1052 3327 24.
1073 3300 1127 3309 —
1146 3274 1164 3306 3
1192 3294 1207 3318 1
1237 3280 1335 3322 Cor.
1362 3286 1419 3328 v1,
1443 3290 1510 3318 20.
