2144 3808
316 354 437 425 484
673 343 677 347 ἃ
831 370 876 409 s.
904 366 1239 408 -Aueusrrm
1284 365 1537 406 Emscom

315 454 428 514 rari
461 473 588 535 pars
622 450 718 511 illa
753 451 979 510 rationis
1001 497 1016 523 ,
1060 473 1187 533 quae
1236 449 1302 510 ad
1342 449 1662 531 temporalia
1697 446 2052 524 gubernanda

320 542 651 612 deflectitur,
679 554 744 599 ut
774 561 888 598 non
913 552 1128 597 maneat
1154 540 1333 614 imago
1361 539 1497 611 Dei,
1535 538 1638 597 nisi
1674 559 1735 595 ex
1762 559 1871 618 qua
1897 547 2054 617 parte

317 651 472 689 mens
490 629 730 688 hominis
755 627 970 686 aeternis
999 627 1304 686 rationibus
1327 626 1726 708 conspiciendis
1753 626 1839 686 vel
1862 645 2055 685 consu-

316 719 493 777 lendis
513 716 871 790 adhaerescit,
906 737 1073 797 quam
1101 737 1214 774 non
1239 714 1414 774 solum
1443 715 1744 787 masculos,
1776 715 1869 774 sed
1896 714 2058 772 etiam

317 807 573 866 foeminas
597 806 803 864 habere
829 803 1173 863 manifestum
1203 818 1301 864 est.

398 895 559 954 XllI.
589 895 732 970 Ergo
756 894 815 951 in
844 913 1034 951 eorum
1068 893 1347 951 mentibus
1373 894 1680 951 communis
1708 906 1902 951 natura
1925 913 2061 968 cog-

314 983 583 1054 noscitur,
623 982 682 1039 in
705 1003 892 1040 eorum
922 1002 1050 1040 vero
1080 981 1412 1059 corporibus
1452 982 1622 1060 ipsius
1662 982 1823 1039 unius
1866 981 2063 1039 mentis

316 1072 633 1130 distributio
663 1071 948 1144 figuratur.
992 1068 1426 1126 Ascendentibus
1446 1068 1630 1149 itaque
1661 1071 1924 1128 introrsus
1945 1069 2067 1149 qui-

313 1159 549 1218 busdam
573 1157 834 1234 gradibus
865 1156 1313 1215 considerationis
1334 1179 1438 1237 per
1460 1158 1656 1216 animae
1674 1172 1856 1239 partes
1880 1206 1894 1230 ‚
1917 1157 2065 1216 unde

317 1247 517 1327 incipit
541 1245 752 1326 aliquid
788 1266 1106 1313 occurrere,
1146 1244 1298 1324 quod
1331 1267 1441 1302 non
1476 1247 1544 1305 sit
1577 1246 1736 1304 nobis
1777 1266 2068 1304 commune

319 1357 450 1395 cum
473 1335 659 1393 bestiis
680 1381 694 1405 ‚
739 1333 867 1392 inde
907 1333 1108 1413 incipit
1136 1334 1276 1391 ratio
1296 1381 1310 1402 ‚
1357 1334 1457 1391 ubi
1490 1334 1660 1393 homo
1704 1335 1927 1394 interior
1953 1338 2069 1409 jam

326 1425 500 1507 possit
526 1423 764 1500 agnosci.
806 1423 917 1493 Qui
955 1426 1116 1480 etiam
1152 1421 1268 1502 ipse
1296 1422 1339 1479 si
1376 1444 1477 1502 per
1499 1422 1650 1481 illam
1686 1424 1951 1482 rationem
1982 1422 2072 1480 cui

327 1512 719 1594 temporalium
745 1506 926 1570 rerum
958 1510 1358 1568 administratio
1395 1511 1638 1588 delegata
1662 1526 1773 1584 est,
1809 1510 2071 1570 immode-
2114 1589 2119 1597 ¹

330 1616 451 1662 rato
479 1621 770 1682 progressu
799 1600 962 1658 nimis
984 1599 1042 1657 in
1069 1599 1325 1658 exteriora
1349 1600 1684 1680 prolabitur,
1711 1600 2075 1659 consentiente

325 1691 433 1749 sibi
467 1690 648 1770 capite
675 1709 772 1747 suo
794 1735 808 1760 ‚
842 1687 900 1745 id
929 1701 1043 1760 est,
1072 1710 1185 1745 non
1221 1710 1339 1746 eam
1372 1688 1667 1746 cohibente
1707 1702 1868 1770 atque
1905 1687 2076 1746 refre-

331 1793 498 1838 nante
530 1777 623 1836 illa
661 1798 790 1857 quae
829 1778 885 1834 in
923 1776 1144 1857 specula
1183 1776 1396 1835 consilii
1437 1777 1695 1856 praesidet
1733 1777 1890 1858 quasi
1933 1776 2077 1836 virili

332 1867 588 1949 portione
610 1912 624 1936 ,
657 1865 992 1924 inveteratur
1010 1865 1152 1923 inter
1172 1865 1424 1923 inimicos
1441 1887 1563 1923 suos
1579 1865 1602 1903 4
1621 1867 1841 1926 virtutis
1864 1865 2078 1926 invidos

332 1955 609 2014 daemones
639 1974 768 2010 cum
798 1974 894 2010 suo
930 1953 1183 2032 principe
1213 1953 1470 2021 diabolo:
1506 1968 1949 2035 aeternorumque
1986 1953 2081 2012 illa

330 2043 467 2102 visio
498 2043 570 2100 ab
600 2041 728 2120 ipso
757 2042 918 2099 etiam
952 2041 1133 2122 capite
1163 2062 1293 2099 curn
1318 2047 1550 2118 conjuge
1580 2043 1811 2102 vetitum
1841 2042 2082 2101 mandu-

331 2143 491 2190 cante
513 2129 866 2187 subtrahitur
887 2129 936 2200 ²,
970 2143 1034 2186 ut
1053 2129 1239 2186 lumen
1270 2129 1559 2187 oculorum
1585 2135 1699 2207 ejus
1721 2153 1832 2199 non
1855 2131 1923 2189 sit
1954 2151 2083 2189 cum

331 2218 429 2279 illo
449 2218 472 2255 ³
498 2240 512 2274 ε
544 2238 607 2275 ac
629 2216 705 2274 sic
726 2215 798 2273 ab
831 2215 925 2273 illa
962 2215 1324 2274 illustratione
1363 2218 1602 2276 veritatis
1641 2219 1806 2276 ambo
1849 2218 2079 2290 nudati,

343 2321 506 2388 atque
527 2304 726 2386 apertis
744 2304 918 2362 oculis
940 2305 1291 2363 conscientiae
1315 2305 1383 2363 ad
1408 2305 1709 2365 videndum
1735 2327 1902 2388 quam
1926 2307 2086 2365 inho·

340 2394 479 2453 nesti
512 2406 674 2473 atque
704 2391 951 2450 indecori
969 2393 1328 2451 remanserint
1349 2441 1364 2465 ,
1397 2407 1662 2475 tanquam
1682 2393 1813 2453 folia
1838 2393 2084 2453 dulcium

341 2483 627 2543 fructuum
650 2527 665 2553 ,
695 2480 786 2538 sed
824 2481 936 2538 sine
968 2481 1101 2562 ipsis
1139 2480 1416 2541 fructibus
1435 2530 1450 2555 ,
1490 2483 1566 2543 ita
1598 2485 1710 2541 sine
1738 2483 1924 2542 fructu
1952 2484 2089 2542 boni

349 2573 528 2655 operis
556 2572 706 2629 bona
727 2571 894 2629 verba
918 2584 1214 2629 contexunt
1230 2618 1244 2642 ‚
1275 2585 1337 2629 ut
1356 2572 1496 2630 male
1517 2573 1754 2633 viventes
1776 2574 1931 2654 quasi
1949 2573 2090 2631 bene

350 2659 629 2743 loquendo
655 2672 948 2734 contegant
976 2659 1377 2739 turpitudinem
1406 2682 1576 2720 suam.

436 2748 602 2807 XIV-s
621 2751 947 2805 Potestatem
975 2747 1186 2827 quippe
1217 2768 1367 2805 suam
1395 2748 1623 2823 diligens
1643 2750 1825 2806 anima
1846 2795 1860 2819 ‚
1889 2771 1917 2806 a
1937 2770 2093 2806 com.-

353 2837 508 2898 muni
540 2836 791 2894 universo
821 2835 887 2892 ad
923 2836 1196 2915 privatam
1222 2850 1433 2915 partem
1462 2837 1808 2917 prolabitur:
1841 2849 1894 2895 et
1930 2859 2096 2918 apos-

354 2927 524 2985 tatica
551 2923 645 2982 illa
675 2923 934 3004 superbia
953 2969 968 2994 ,
1003 2922 1155 3004 quod
1178 2923 1396 2982 initium
1430 2925 1645 3006 peccati
1663 2924 1902 2983 dicitur&
1921 2931 1943 2996 ,’
1967 2946 2093 2983 cum

355 3017 414 3073 in
438 3012 789 3070 universitate
819 3024 1085 3069 creaturae
1116 3013 1296 3069 Deum
1332 3026 1610 3072 rectorem¹
1638 3027 1822 3072 secuta
1841 3060 1855 3085 ‚
1886 3011 2096 3088 legibus

353 3107 468 3178 ejus
510 3100 718 3180 optime
751 3099 1046 3172 gubernari
1079 3101 1381 3178 potuisset,
1429 3101 1555 3182 plus
1601 3101 1809 3184 aliquid
1847 3101 2096 3159 universo

320 3211 322 3214 ’
354 3198 614 3270 appetens
637 3231 652 3257 ,
682 3196 845 3265 atque
868 3184 926 3242 id
951 3205 1048 3242 sua
1074 3185 1188 3262 lege
1215 3189 1519 3263 gubernare
1541 3189 1732 3248 molita
1755 3234 1770 3261 ,
1796 3189 1927 3270 quia
1955 3188 2098 3248 nihil

409 3294 423 3321 ²
448 3291 549 3334 Psal.
575 3291 637 3341 vr,
662 3290 704 3332 8.
734 3309 787 3318 -—
810 3285 831 3315 ²
851 3290 958 3332 Gen.
983 3303 1046 3339 ιη,
1071 3291 1111 3334 6.
1130 3314 1186 3321 -—
1204 3289 1222 3320 ³
1246 3295 1347 3336 Psal.
1369 3308 1524 3343 xxxvn,
1554 3309 1617 3338 ιι.
1646 3317 1697 3327 —-
1723 3290 1740 3323 ⁴
1764 3292 1889 3337 Eccli.
1911 3307 1950 3346 x,
1983 3295 2048 3335 ιδ.
