2144 3808
231 260 349 334 458
747 283 791 323 s,
831 280 1150 330 ..mausum
1194 280 1451 323 Erlscorr

231 377 294 421 ut
314 362 428 422 duo
463 364 721 445 quoedam
754 386 864 424 esse
896 387 1009 424 non
1046 366 1397 425 inveniantur
1434 364 1539 423 nisi
1562 358 1848 442 judicante
1875 386 1960 423 ra-

230 450 409 523 tione,
446 474 553 532 qua
576 453 928 530 intelligimus
953 454 1104 512 aliud
1134 476 1242 512 esse
1272 453 1412 512 illud
1435 453 1586 534 quod
1609 454 1667 511 in
1702 454 1963 512 memoria
2017 532 2019 536 Δ

235 554 450 611 manet,
478 542 642 601 etiam
667 565 797 602 cum
823 543 1043 602 aliunde
1068 544 1399 620 cogitamuS,
1429 556 1482 601 et
1513 543 1665 602 aliud
1690 544 1808 602 fieri
1835 562 1966 602 cum

235 629 622 703 recordamur,
649 632 706 691 id
730 646 809 692 est
829 674 846 704 ,
881 632 949 690 ad
989 634 1309 691 memoriam
1344 631 1617 704 redimuS',
1653 645 1707 690 et
1734 632 1847 690 illic
1874 631 1967 690 in-

237 718 484 778 venimus
510 721 757 780 eamdem
787 722 1043 803 speciem.
1076 724 1217 794 Quae
1238 724 1284 781 si
1303 727 1420 799 jam
1457 743 1570 779 non
1598 722 1680 780 ibi
1701 734 1835 780 esset
1852 768 1867 793 ,
1891 721 1969 780 ita

239 806 440 865 oblitos
469 830 568 868 nos
595 830 706 870 esse
734 809 1036 869 diceremus
1058 856 1072 882 ‚
1107 825 1169 869 ut
1191 809 1416 869 omnino
1444 809 1678 868 recolere
1707 828 1817 868 non
1846 830 1973 889 pos»

241 915 433 956 semuS.
477 897 535 956 Si
557 911 738 957 autem
776 899 915 957 acies
944 899 1285 958 recordantis
1313 920 1424 957 non
1454 897 1785 956 formaretur
1813 915 1874 956 ex
1911 917 1984 954 ea-

241 1003 298 1040 re
323 1005 450 1064 quae
469 999 584 1044 erat
604 987 663 1044 in
686 987 947 1044 memoria
966 1033 980 1057 ‚
1005 987 1160 1044 nullo
1186 986 1352 1043 modo
1382 988 1536 1043 fieret
1559 986 1695 1045 visio
1717 985 1971 1061 cogitan-

243 1070 311 1127 tis
340 1093 354 1127 :
385 1071 477 1129 sed
500 1073 781 1151 utriusque
809 1074 1151 1149 conjunctio,
1174 1073 1233 1131 id
1255 1087 1354 1143 est,
1388 1078 1502 1148 ejus
1522 1091 1691 1153 quam
1711 1073 1974 1130 memoria

246 1170 425 1231 tenet,
449 1172 503 1216 et
522 1163 637 1234 ejus
668 1181 796 1240 quae
821 1161 950 1219 inde
982 1161 1303 1242 exprimitur
1326 1174 1388 1220 ut
1424 1160 1693 1219 formetur
1721 1161 1861 1219 acies
1891 1181 1984 1218 re-

248 1245 555 1319 cordanti3‚
584 1248 716 1329 quia
744 1249 1037 1309 simillimae
1066 1265 1191 1309 sunt
1214 1292 1228 1323 ,
1266 1250 1437 1309 veluti
1464 1265 1631 1308 unam
1657 1249 1792 1308 facit
1815 1268 1985 1329 appa-

246 1355 382 1394 rere.
421 1336 566 1394 Cum
597 1350 778 1395 autem
805 1339 1092 1414 cogitantis
1123 1339 1263 1398 acies
1301 1356 1486 1398 aversa
1511 1334 1641 1396 inde
1663 1336 1828 1395 fuerit
1848 1382 1863 1408 ,
1897 1347 1987 1394 at-

248 1443 356 1503 que
393 1423 452 1481 id
480 1424 634 1505 quod
669 1425 727 1484 in
773 1428 1038 1485 memoria
1069 1428 1400 1486 cernebatur
1442 1425 1707 1484 destiterit
1744 1425 1979 1496 intueri,

249 1510 394 1570 nihil
418 1511 612 1571 formae
635 1535 761 1594 quae
778 1515 1040 1596 impressa
1061 1528 1176 1575 erat
1205 1517 1264 1575 in
1286 1515 1475 1574 eadem
1505 1515 1620 1574 acie
1640 1513 1944 1573 remanebit
1967 1529 1982 1570 ε

251 1612 414 1681 atque
452 1601 581 1660 inde
618 1601 987 1676 formabitur,
1036 1622 1149 1686 quo
1195 1619 1381 1683 rursus
1426 1624 1686 1662 conversa
1732 1601 1898 1660 fuerit
1927 1612 1990 1658 ut

254 1686 356 1745 alia
378 1689 635 1764 cogitatio
661 1691 774 1751 fiat.
806 1692 993 1750 Manet
1016 1705 1196 1751 tamen
1220 1691 1358 1750 illud
1381 1691 1531 1772 quod
1556 1690 1780 1771 reliquit
1799 1689 1857 1747 in
1881 1705 1991 1746 me-

252 1778 462 1851 moria,
496 1802 607 1860 quo
635 1800 822 1840 rursus
849 1800 978 1842 cum
1022 1783 1081 1842 id
1117 1784 1471 1842 recordamur
1514 1793 1868 1841 convertatur
1888 1827 1903 1852 ,
1937 1793 1991 1838 et

255 1887 513 1926 conversa
524 1868 809 1941 formetur,
829 1885 991 1952 atque
1007 1890 1182 1931 unum
1193 1893 1321 1931 cum
1340 1893 1403 1930 eo
1422 1873 1520 1929 flat
1538 1871 1685 1929 unde
1701 1870 1987 1928 formatur.

337 1955 487 2015 VIL-
516 1957 781 2017 Voluntas
800 1980 928 2018 vero
959 1961 1050 2019 illa
1081 1981 1206 2041 quae
1231 1962 1338 2019 hac
1361 1973 1525 2040 atque
1549 1958 1677 2017 illac
1698 1959 1804 2017 fert
1825 1970 1878 2016 et
1899 1978 1991 2015 re·-

255 2039 360 2099 fert
386 2043 558 2102 aciem
584 2045 954 2118 formandam,
976 2049 1372 2128 conjungitque
1398 2046 1712 2116 formatam,
1746 2046 1791 2103 si
1820 2045 1889 2104 ad
1910 2045 1993 2102 in-

256 2130 510 2189 teriorem
533 2133 881 2212 phantasiam
909 2149 1024 2195 tota
1049 2135 1374 2195 confluxerit
1394 2182 1409 2206 ‚
1450 2147 1611 2216 atque
1637 2157 1667 2191 a
1701 2133 1994 2214 praesentia

257 2238 556 2298 corporum
577 2243 704 2302 quae
725 2222 1121 2301 circumjacent
1141 2224 1389 2283 sensibus
1410 2269 1425 2295 ,
1448 2236 1612 2303 atque
1630 2223 1700 2280 ab
1716 2221 1848 2302 ipsis
1867 2237 1994 2279 sen-

258 2305 410 2365 sibus
436 2311 686 2390 corporis
707 2357 722 2382 ‚
750 2312 921 2370 animi
955 2313 1124 2371 aciem·
1154 2312 1380 2370 omnino
1415 2310 1696 2379 averterit,
1734 2321 1896 2388 atque
1925 2306 2002 2366 ad

258 2415 377 2452 eam
405 2418 532 2476 quae
573 2399 722 2457 intus
768 2401 1012 2473 cernitur
1048 2400 1340 2477 imaginem
1371 2400 1591 2480 penitus
1628 2397 1955 2456 converterit
1974 2440 1990 2468 ‚

258 2496 412 2543 tanta
438 2487 733 2546 offenditur
759 2489 1060 2548 similitudo
1098 2489 1298 2570 speciei
1335 2486 1635 2568 corporalis
1665 2500 1911 2566 expressa
1937 2501 1995 2542 ex

259 2575 522 2635 memoria
545 2621 561 2646 ,
606 2590 668 2635 ut
694 2598 796 2636 nec
838 2579 958 2659 ipsa
990 2578 1132 2636 ratio
1176 2574 1481 2636 discernere
1526 2575 1774 2643 sinatur,
1809 2583 1998 2631 utrum

257 2660 389 2720 foris
417 2682 621 2745 corpus
645 2667 829 2747 ipsum
857 2667 1140 2739 videatur,
1169 2684 1240 2724 an
1272 2666 1420 2723 intus
1452 2663 1561 2721 tale
1594 2659 1806 2742 aliquid
1841 2659 1999 2736 cogi·-

259 2761 420 2811 tetur.
457 2754 599 2811 Nam
612 2753 618 2756 ’
640 2755 916 2813 interdum
947 2755 1199 2813 homines
1237 2750 1408 2811 nimia
1442 2749 1776 2827 cogitatione
1814 2763 1999 2806 rerum

260 2839 564 2899 visibilium
588 2842 676 2901 vel
703 2843 904 2916 illecti,
937 2843 1025 2903 vel
1050 2841 1255 2914 territi,
1285 2842 1446 2900 etiam
1478 2837 1748 2915 ejusmodi
1776 2848 1999 2917 repente

258 2947 420 2987 voces
448 2930 737 2989 ediderunt
756 2977 770 3003 ‚
800 2932 955 3012 quasi
986 2952 1173 2990 revera
1197 2930 1255 2988 in
1282 2927 1476 2987 mediis
1522 2925 1726 2984 talibus
1765 2923 2000 2982 actioni-

262 3014 367 3072 bus
402 3016 512 3074 sive
550 3019 898 3097 passionibus
927 3031 1287 3079 versarentur.
1325 3017 1397 3075 Et
1428 3011 1659 3074 memini
1682 3033 1769 3072 me
1791 3011 2001 3070 audisse

264 3128 295 3164 a
313 3104 581 3187 quodam,
606 3106 758 3187 quod
787 3121 899 3166 tam
927 3129 1229 3187 expressam
1257 3119 1310 3165 et
1329 3106 1487 3188 quasi
1506 3104 1735 3163 solidam
1765 3101 2000 3181 speciem

262 3194 511 3256 foeminei
541 3195 791 3276 corporis
830 3193 889 3256 in
917 3195 1209 3274 cogitando
1238 3209 1457 3256 cernere
1486 3193 1715 3267 soleret,
1755 3201 1817 3247 ut
1859 3188 1908 3247 ei
1946 3206 2003 3246 se
