2144 3808
572 302 639 339 DE
684 301 1004 350 TRIMTATE,
1054 301 1164 340 Lm.
1217 303 1319 341 ΧΠ.
1696 286 1818 358 ’485

82 398 160 444 est
193 383 427 465 amplius
460 382 803 440 universitate
823 410 850 452 ,·
871 381 927 438 in
963 402 1154 439 curam
1181 384 1438 463 partilem
1469 387 1734 459 truditur,
1766 393 1821 446 et

82 474 158 532 sic
199 471 409 553 aliquid
464 471 701 550 amplius
747 469 1187 549 concupiscendo
1234 473 1503 532 minuitur
1525 500 1539 543 3
1575 476 1721 534 unde
1766 488 1824 533 et

84 561 304 620 avaritia
326 559 528 617 dicitur
554 559 705 616 radix
729 557 974 616 omnium
1001 559 1270 617 malorum
1288 558 1310 597 1
1333 583 1346 617 ς
1375 574 1661 644 totumque
1680 563 1818 622 illud

84 649 179 706 ubi
213 646 420 728 aliquid
465 647 756 727 proprium
794 658 984 703 contra
1027 645 1168 721 leges
1189 693 1203 717 ‚
1248 648 1452 727 quibus
1499 651 1817 711 universitas

82 736 516 806 administratur,
560 755 714 809 agere
734 733 950 805 nititur,
982 754 1082 814 per
1103 755 1304 813 corpus
1323 738 1614 816 proprium
1639 739 1811 813 gerit,

80 824 232 905 quod
262 824 532 905 partiliter
550 822 826 902 possidet:
852 835 1012 903 atque
1039 822 1115 880 ita
1137 821 1325 880 formis
1345 837 1399 881 et
1421 826 1664 884 motibus
1693 849 1821 885 cor-

78 913 364 994 poralibus
399 910 667 969 delectata
693 956 708 981 ,
731 910 860 991 quia
880 910 1026 968 intus
1049 932 1108 968 ea
1130 932 1314 969 secum
1337 933 1449 969 non
1470 912 1663 985 habet,
1691 936 1824 972 cum

78 1021 269 1058 eorum
310 999 644 1075 imaginibus
669 1045 683 1069 ‚
727 1019 860 1078 quas
897 999 1175 1057 memoriae
1215 999 1363 1068 fixit,
1401 1000 1722 1073 involvitur,
1767 1016 1822 1060 et
1883 1011 1887 1014 ’

79 1089 431 1169 phantastica
455 1087 815 1146 fornicatione
839 1088 1076 1167 turpiter
1098 1087 1442 1166 inquinatur,
1483 1090 1668 1147 omnia
1695 1089 1820 1148 offi-

82 1177 168 1234 cia
197 1198 292 1234 sua
334 1176 403 1234 ad
438 1197 527 1234 eos
554 1176 686 1233 fines
715 1173 946 1233 referens
967 1222 982 1247 ,
1019 1176 1222 1255 quibus
1260 1176 1470 1234 curiose
1505 1177 1812 1257 corporalia

80 1286 143 1322 ac
162 1264 486 1344 temporalia
505 1285 604 1344 per
625 1264 869 1344 corporis
886 1285 1068 1322 sensus
1086 1264 1313 1344 quaerit,
1337 1277 1430 1322 aut
1446 1265 1657 1323 tumido
1673 1264 1820 1323 fastu

79 1353 195 1411 aliis
230 1353 423 1411 animis
453 1352 730 1432 corporeis
762 1353 1006 1411 sensibus
1037 1352 1234 1410 deditis
1264 1373 1374 1410 esse
1398 1354 1612 1411 affectat
1642 1353 1822 1411 excel-

79 1442 208 1512 sior,
240 1455 335 1499 aut
360 1462 584 1499 coenoso
606 1441 814 1516 gurgite
842 1440 1074 1498 carnalis
1094 1439 1390 1520 voluptatis
1413 1441 1772 1516 immergitur.

161 1530 280 1588 XV.
314 1529 364 1607 &C
375 1551 462 1586 um
491 1550 617 1604 ergo
632 1530 780 1586 bona
796 1528 1079 1587 voluntate
1098 1528 1165 1587 ad
1192 1529 1448 1586 interiora
1471 1542 1524 1586 et
1541 1529 1821 1609 superiora

77 1617 460 1698 percipienda,
490 1638 616 1696 quae
646 1638 755 1674 non
782 1617 1039 1696 privatim
1059 1663 1074 1688 ‚
1100 1616 1192 1674 sed
1213 1616 1576 1676 communiter
1602 1616 1672 1674 ab
1697 1637 1822 1673 om-

78 1706 239 1763 nibus
281 1705 377 1785 qui
416 1704 545 1762 talia
594 1703 862 1779 diligunt,
904 1704 1015 1761 sine
1049 1704 1158 1762 ulla
1199 1704 1446 1779 angustia
1485 1704 1571 1762 vel
1611 1703 1820 1762 invidia

77 1807 223 1861 casto
253 1792 601 1873 possidentur
624 1791 871 1872 amplexu
895 1837 910 1862 ‚
936 1791 1021 1850 vel
1043 1792 1147 1850 sihi
1169 1791 1251 1849 vel
1276 1792 1392 1849 aliis
1415 1791 1652 1849 consulit
1674 1816 1688 1860 3
1722 1792 1822 1848 etsi

75 1881 294 1940 fallatur
319 1883 376 1939 in
401 1880 584 1960 aliquo
610 1902 710 1960 per
743 1880 1114 1954 ignorantiam
1149 1879 1531 1959 temporalium
1559 1871 1579 1950 ,’
1607 1880 1737 1959 quia
1769 1893 1823 1937 et

75 1970 184 2028 hoc
208 1969 581 2050 temporaliter
598 1968 766 2044 gerit,
791 1981 844 2024 et
858 1967 1087 2025 modum
1112 1967 1306 2048 agen-di
1325 1988 1438 2024 non
1458 1979 1638 2024 teneat
1658 1987 1821 2047 quem

76 2057 313 2116 debebat
331 2103 345 2128 ,
371 2057 615 2114 humana
638 2054 869 2113 tentatio
896 2067 991 2114 est.
1019 2056 1089 2111 Et
1106 2075 1363 2129 magnum
1387 2067 1463 2112 est
1482 2053 1629 2111 hanc
1648 2053 1820 2111 vitam

75 2147 150 2203 sic
177 2145 368 2221 degere
388 2192 403 2216 ,
431 2166 597 2225 quam
625 2143 777 2202 velut
799 2143 947 2200 viam
970 2141 1254 2200 redeuntes
1277 2142 1554 2220 carpimus
1573 2187 1588 2212 ‚
1619 2154 1680 2198 ut
1703 2153 1820 2198 ten-

76 2234 208 2292 tatio
239 2256 336 2292 nos
368 2255 479 2291 non
502 2230 884 2312 apprehendat
905 2231 1006 2288 nisi
1029 2230 1273 2288 humana
1291 2230 1333 2288 2.
1364 2230 1488 2287 Hoc
1513 2228 1655 2286 enim
1679 2251 1819 2310 pec-

75 2334 262 2380 catum
292 2334 438 2379 extra
477 2340 679 2399 corpus
711 2330 820 2388 est,
863 2339 963 2374 nec
995 2315 1346 2374 fornicationi
1393 2316 1721 2397 deputatur,
1769 2330 1823 2374 et

31 2424 35 2427 ’
75 2423 360 2490 propterea
390 2407 648 2466 facillime
685 2405 988 2481 ignoscitur
1012 2404 1053 2463 3.
1101 2404 1244 2462 Cum
1274 2425 1402 2463 vero
1438 2417 1667 2484 propter
1698 2403 1822 2461 adi-

74 2498 333 2578 piscenda
351 2519 412 2555 ea
435 2517 563 2576 quae
583 2516 684 2575 per
703 2514 903 2574 corpus
921 2493 1250 2563 sentiuntur,
1267 2505 1496 2573 propter
1512 2492 1826 2572 experiendi

75 2585 159 2644 vel
173 2584 463 2643 excellendi
478 2583 563 2642 vel
577 2579 1381 2661 contrectandicupiditatem&
1400 2593 1460 2636 ut
1477 2580 1534 2636 in
1552 2579 1638 2636 his
1655 2581 1846 2638 finemx

74 2674 210 2732 boni
231 2674 313 2731 sui
336 2686 539 2753 ponat,
564 2670 774 2750 aliquid
795 2670 907 2745 agit.
928 2716 942 2740 ‚
970 2668 1248 2750 quidquid
1269 2669 1408 2744 agit,
1438 2667 1672 2747 turpiter
1688 2669 1821 2744 agit3

75 2775 128 2819 et
147 2761 451 2818 fornicatur
467 2761 523 2816 in
537 2780 736 2839 corpus
750 2758 1041 2837 proprium
1066 2778 1300 2836 peccans
1318 2802 1332 2826 ,
1354 2768 1406 2812 et
1432 2776 1818 2835 corporearum

75 2869 257 2908 rerum
286 2848 500 2907 fallacia
527 2847 813 2905 simulacra
842 2847 1106 2904 introrsus
1129 2844 1347 2924 rapiens
1373 2856 1427 2901 et
1455 2865 1595 2902 vana
1627 2843 1809 2901 medi-

75 2940 278 2997 tatione
307 2958 667 3018 componens,
697 2949 758 2993 ut
781 2935 828 2992 oi
858 2955 958 2991 nec
988 2933 1239 2992 divinum
1265 2931 1474 3012 aliquid
1494 2978 1509 3004 ,
1536 2931 1639 2990 nisi
1671 2931 1776 2990 tale
1795 2979 1811 3002 ,

75 3026 346 3098 videatur,
379 3025 640 3106 privatim
672 3045 832 3082 avara
853 3021 1086 3081 foetatur
1124 3021 1436 3094 erroribus,
1479 3033 1534 3080 et
1561 3019 1824 3103 privatim

138 3157 151 3184 ¹
181 3171 196 3195 1
222 3156 328 3202 Tim.
354 3169 424 3210 vt,
459 3170 524 3198 10.
553 3177 604 3185 —
624 3152 644 3181 ‘²
675 3167 687 3194 ι
715 3156 807 3196 Cor.
838 3165 880 3204 x,
907 3154 971 3198 13.
992 3175 1045 3184 —
1071 3149 1089 3181 3
1109 3151 1172 3197 Id..
1197 3166 1253 3205 w,
1281 3153 1343 3195 18.
1365 3174 1422 3184 —
1442 3147 1459 3181 ⁴
1495 3148 1597 3212 Vide
1632 3153 1813 3193 Retract.

77 3223 148 3268 lib.
170 3239 214 3279 v,
238 3237 278 3264 n.
303 3226 340 3264 3.
