2144 3808
630 294 706 337 ms
745 294 1070 349 mmmm,
1115 295 1227 338 nm.
1277 295 1318 338 ι.
1668 330 1672 334 .
1717 281 1835 342 203

108 387 285 461 major
304 381 600 457 minorem,
627 377 719 436 cui
741 376 945 436 Filius
929 379 1047 458 ipse
1075 389 1294 435 tantum
1331 379 1556 454 tribuit,
1591 395 1654 441 ut
1681 381 1837 441 dice·-

109 486 235 531 ret:
267 499 292 525 e<
316 470 460 541 Quia
479 452 603 525 lioec
623 465 837 524 locutus
873 487 991 523 sum
1018 465 1206 536 vobiS,
1234 465 1449 524 tristitia
1473 465 1722 549 implevit
1745 490 1840 528 cor

111 585 140 617 2>
161 572 443 618 vestrum:
476 554 571 613 sed
599 571 699 630 ego
722 554 1002 612 veritatem
1030 553 1190 625 dicu,
1227 554 1442 634 expedit
1467 551 1627 614 vobis
1651 571 1712 615 ut
1739 559 1838 634 ego

110 675 149 706 >³
161 670 310 715 eam3
334 649 457 704 nam
477 645 519 702 si
540 665 650 702 non
668 644 876 715 abiero,
892 644 1205 702 Advocatus
1225 665 1337 702 non
1358 645 1546 708 veniet
1552 641 1624 704 ad
1644 637 1790 705 'vost
1811 673 1840 700 ))

93 737 234 797 -Hoc
263 741 442 795 autem
473 733 642 805 dixit,
668 752 784 791 non
813 746 1046 825 ‚propter
1081 732 1510 814 inaequalitatem
1538 734 1707 793 Verbi
1739 735 1843 819 Dei

110 838 166 884 et
195 824 433 924 Spiritus
456 821 658 892 sancti,
688 820 781 879 sed
813 823 1078 902 tanquam
1109 819 1502 902 impedimento
1529 836 1663 881 esset
1687 813 1844 903 prae-

111 914 282 972 sentia
325 911 426 970 filii
458 909 696 968 hominis
723 909 871 990 apud
917 930 1007 967 eos
1028 955 1043 980 ,
1074 910 1369 990 quominus
1393 911 1604 970 veniret
1625 910 1716 968 ille
1749 910 1849 993 qui

110 1002 291 1061 minor
310 1021 422 1059 non
445 1011 578 1057 esset
596 1045 610 1069 ,
634 998 764 1079 quia
788 999 1140 1079 semetipsum
1161 1021 1274 1057 non
1295 996 1590 1058 exinanivit
1610 998 1846 1057 formam

111 1090 252 1149 servi
282 1088 555 1168 accipiens
583 1087 722 1145 sicut
748 1091 790 1144 F
794 1087 974 1147 ilius2.
1014 1087 1328 1168 Oportebat
1354 1108 1481 1165 ergo
1521 1102 1583 1146 ut
1604 1083 1849 1146 auferre-

113 1191 206 1237 tur
230 1178 300 1235 ab
330 1176 505 1235 oculis
531 1197 720 1234 eorum
750 1175 926 1234 forma
966 1176 1141 1247 servi,
1183 1197 1348 1257 quam
1388 1178 1692 1248 intuenteS,
1736 1175 1849 1235 hoc

113 1265 291 1325 solum
316 1286 430 1324 esse
448 1263 734 1323 Christum
754 1264 1032 1344 putabant
1052 1264 1204 1344 quod
1225 1265 1506 1325 videbant.
1537 1265 1674 1323 Inde
1698 1276 1850 1323 estet

114 1354 254 1413 illud
291 1352 444 1434 quod
473 1353 589 1410 ait:
639 1379 665 1405 «
692 1352 751 1410 Si
785 1353 1077 1429 diligeretis
1110 1375 1227 1425 me,
1273 1354 1575 1430 gauderetis
1617 1354 1808 1434 utique
1829 1399 1845 1424 ,

117 1467 146 1498 >>
166 1443 426 1524 quoniam
452 1462 515 1500 eo
535 1439 605 1499 ad
629 1441 843 1499 Patrem
874 1463 889 1498 ε
915 1441 1046 1521 quia
1068 1442 1231 1499 Pater
1252 1447 1426 1518 major
1447 1464 1533 1500 me
1555 1441 1669 1500 est3
1696 1463 1710 1499 ε
1739 1467 1766 1495 »
1790 1439 1851 1498 id

116 1544 196 1590 est
217 1578 232 1603 ,
256 1543 548 1612 propterea
575 1551 662 1588 me
694 1542 915 1610 oportet
939 1530 1018 1587 ire
1040 1529 1111 1588 ad
1141 1531 1360 1589 Patrem
1380 1577 1394 1603 ,
1435 1532 1567 1612 quia
1598 1529 1733 1588 dum
1764 1549 1852 1587 me

116 1620 194 1686 ita
216 1619 446 1690 videtiS‚
488 1640 549 1677 ex
584 1618 695 1676 hoc
723 1617 875 1699 quod
921 1617 1151 1691 videtiS,
1203 1620 1481 1678 aestimatis
1513 1620 1640 1700 quia
1673 1619 1855 1677 minor

119 1731 240 1768 sum
268 1709 432 1766 Patre
453 1754 469 1779 ,
506 1720 671 1788 atque
698 1707 773 1769 ita
797 1707 943 1766 circa
971 1721 1277 1766 creaturam
1306 1721 1727 1789 susceptumque
1752 1707 1855 1765 ha-

118 1799 300 1856 bitum
331 1796 630 1877 occupati,
675 1795 1048 1877 aequalitatem.
1098 1818 1266 1878 quam
1309 1817 1439 1855 cum
1474 1799 1638 1855 Patre
1671 1795 1856 1853 habeo

119 1908 232 1945 non
251 1885 569 1962 intelligitis.
601 1885 738 1943 Inde
756 1899 835 1943 est
854 1899 907 1944 et
927 1885 1066 1944 illud
1093 1907 1108 1943 ε
1135 1911 1163 1940 (ι
1185 1886 1314 1944 Noli
1335 1907 1421 1944 me
1440 1886 1656 1962 tangere
1677 1931 1693 1957 ,
1717 1905 1857 1942 non·-

119 2001 149 2030 »
169 1974 306 2033 dum
326 1973 471 2032 enim
492 1972 714 2032 ascendi
733 1972 806 2032 ad
829 1975 1048 2033 Patrem
1060 1977 1103 2034 ⁶.
1135 2000 1163 2029 2>
1187 1975 1394 2034 Tactus
1416 1974 1564 2032 enim
1588 1987 1858 2052 tanquam

120 2064 305 2124 finem
316 2062 451 2122 facit
470 2062 727 2123 notionis,
765 2062 1006 2145 Ideoque
1028 2061 1293 2122 nolebat
1277 2085 1336 2123 1n
1354 2084 1417 2122 eo
1437 2083 1549 2121 esse
1579 2059 1781 2120 finem
1766 2074 1858 2118 m-

121 2153 259 2236 tenti
290 2152 509 2212 cordis
493 2174 554 2211 in
585 2173 671 2224 se,
713 2165 776 2211 ut
812 2152 924 2212 hoc
958 2152 1111 2234 quod
1140 2152 1434 2211 videbatur
1469 2148 1857 2210 tantummodo

122 2254 428 2323 putaretur.
468 2241 725 2301 Ascensio
754 2254 936 2299 autem
966 2240 1035 2299 ad
1057 2247 1274 2300 Patrem
1295 2253 1411 2299 erat
1438 2241 1516 2298 ita
1545 2237 1755 2321 videri,
1781 2236 1860 2295 si-

125 2344 220 2390 cut
247 2329 474 2412 aequalis
497 2343 576 2388 est
593 2330 776 2399 Patri,
806 2343 868 2389 ut
895 2330 978 2388 ibi
999 2343 1134 2388 esset
1156 2330 1281 2388 finis
1301 2329 1522 2389 visionis
1546 2375 1561 2400 ,
1587 2347 1715 2408 quae
1737 2324 1859 2384 suf-

126 2419 245 2477 ficit
272 2417 451 2476 nobiS.
497 2417 810 2497 Aliquando
846 2418 977 2476 item
1011 2417 1080 2476 de
1113 2418 1251 2476 Filio
1287 2417 1400 2476 solo
1436 2417 1671 2488 dicitur,
1708 2412 1862 2495 quod

126 2507 242 2587 ipse
265 2505 499 2564 sufficiat
520 2551 535 2576 ,
565 2519 618 2563 et
650 2505 709 2563 in
745 2510 859 2582 ejus
896 2506 1103 2565 visione
1140 2528 1344 2565 merces
1380 2519 1494 2564 tota
1521 2503 1865 2585 promittitur

129 2595 436 2655 dilectionis
461 2607 515 2652 et
542 2593 1003 2655 desiderii‘nostri.
1041 2595 1132 2654 Sic
1162 2595 1307 2654 enim
1342 2595 1419 2653 ait
1453 2615 1467 2652 ε
1503 2619 1530 2647 c<
1556 2593 1667 2666 Qui
1689 2591 1863 2650 habet

131 2710 159 2739 »
183 2683 442 2742 mandata
461 2704 581 2741 mea
609 2697 662 2742 et
688 2684 929 2743 custodit
954 2706 1047 2765 ear,
1076 2684 1166 2742 ille
1187 2684 1387 2765 estqui
1410 2682 1589 2759 diligit
1614 2701 1719 2739 me.
1751 2678 1866 2751 Qui

134 2800 161 2827 ›>
188 2785 368 2830 autem
398 2791 486 2829 me
511 2771 722 2848 diligit,
755 2772 1011 2850 diligetur
1031 2796 1060 2831 a
1082 2773 1246 2830 Patre
1270 2793 1390 2829 meo
1408 2818 1422 2842 ,
1447 2784 1502 2828 et
1520 2775 1617 2846 ego
1638 2767 1865 2843 diligam

135 2888 163 2916 »
183 2881 305 2919 eum
325 2906 339 2929 ,
364 2870 419 2916 et
442 2859 722 2918 ostendam
744 2882 830 2918 me
851 2861 1032 2941 ipsum
1055 2860 1135 2919 illi
1152 2860 1193 2920 ⁵.
1223 2886 1251 2914 n
1282 2857 1568 2939 Numquid
1593 2855 1720 2927 hic,
1736 2853 1868 2934 quia

133 2971 245 3010 non
274 2947 441 3018 dixit,
479 2948 779 3007 Ostendam
810 2949 890 3008 illi
933 2963 987 3008 et
1014 2951 1264 3020 Patrem,
1290 2948 1412 3006 ideo
1449 2944 1723 3028 separavit
1750 2944 1864 3001 Pa-

135 3041 312 3098 trem?
333 3035 441 3095 Sed
459 3036 588 3116 quia
603 3058 793 3097 verum
813 3051 892 3097 est
916 3061 931 3096 ι
954 3065 982 3092 «
999 3040 1114 3116 Ego
1133 3051 1186 3096 et
1205 3038 1369 3097 Pater
1385 3057 1558 3095 unum
1575 3054 1761 3094 sumus
1774 3032 1822 3100 ὃς
1839 3058 1867 3084 ›>

185 3162 213 3193 «Ι
232 3165 353 3204 Joan.
377 3175 464 3211 xvr,
484 3162 528 3205 6.
548 3184 603 3193 —
619 3159 640 3189 2
656 3159 802 3217 Philip.
819 3177 868 3215 ιι,
895 3178 934 3217 7.
957 3186 1014 3196 --
1036 3159 1057 3195 ⁸
1079 3166 1200 3207 Joan.
1222 3176 1309 3215 xxv,
1332 3163 1400 3206 18.
1423 3184 1480 3194 —
1510 3158 1530 3192 ⁴
1550 3140 1612 3206 Id.
1631 3175 1700 3213 xx,
1722 3176 1791 3214 17.
1814 3140 1871 3192 ·--

139 3229 159 3260 ⁵
182 3229 247 3275 Id.
271 3244 362 3287 xw,
386 3242 457 3272 αι.
479 3225 572 3262 -6
589 3227 656 3272 Id.
680 3241 721 3281 x,
742 3230 809 3272 30.
