2144 3808
331 361 440 438 196
845 380 890 420 s.
943 378 1252 419 Aueusrml
1295 380 1554 419 Emscom

318 473 398 520 est
425 508 440 534 ,
467 460 597 542 quia
627 460 893 541 scriptum
925 474 1040 533 est,
1083 461 1203 541 ipso
1244 462 1488 521 Domino
1517 461 1733 521 dicente
1779 484 1794 519 ι
1839 489 1866 516 c<
1888 464 2052 522 Pater

323 578 349 604 »
380 556 554 627 major
583 572 667 608 me
694 548 825 609 est1.
857 574 885 603 >³
923 549 1130 607 Veritas
1171 562 1351 607 autem
1383 550 1616 608 ostendit
1648 550 1948 609 secundum
1974 552 2051 612 isz-
2077 559 2082 566 '

287 670 289 672 ·
318 652 438 698 tum
471 639 702 697 modum
736 638 900 695 etiam
931 659 985 695 se
1017 637 1136 717 ipso
1174 637 1438 696 minorem
1478 639 1696 699 Filium.
1755 633 2050 712 Quomodo

315 729 461 786 enim
490 749 597 784 non
619 727 780 785 etiam
811 747 864 784 se
893 726 1014 807 ipso
1038 726 1220 784 minor
1243 725 1420 784 factus
1437 740 1548 798 est,
1573 728 1669 807 qui
1699 728 2048 807 semetipsum

318 816 612 874 exinanivit
631 815 868 874 formam
891 815 1031 872 servi
1059 814 1334 895 accipiens
1355 814 1378 851 2
1405 817 1429 872 Ξ)
1470 816 1658 896 Neque
1689 815 1833 873 enim
1857 816 1933 873 sic
1958 837 2052 874 ac-

319 905 468 986 cepit
487 905 720 963 formam
744 904 905 975 servi,
933 917 993 960 ut
1016 904 1286 961 amitteret
1313 903 1546 961 formam
1572 904 1705 975 Dei,
1735 905 1792 961 in
1812 924 1922 984 qua
1943 916 2056 962 erat

321 994 548 1075 [equalis
571 993 743 1051 Patri.
779 993 837 1050 Si
865 1013 993 1067 ergo
1021 992 1097 1049 ita
1128 1004 1370 1071 accepta
1377 1005 1456 1049 est
1477 991 1652 1049 forma
1673 992 1841 1062 servi,
1869 1005 2055 1049 utnon

317 1084 663 1140 amitteretur
689 1079 866 1143 forma
892 1080 1033 1151 Dei,
1062 1101 1191 1138 cum
1223 1092 1276 1136 et
1300 1080 1354 1137 in
1380 1078 1556 1136 forma
1578 1080 1716 1138 servi
1737 1093 1790 1137 et
1807 1080 2056 1137 informa

317 1172 415 1229 Dei
447 1170 630 1229 idem
615 1191 731 1250 lpse
765 1169 835 1227 sit
864 1168 1033 1226 Filius
1064 1168 1376 1266 unigenitus
1406 1168 1513 1226 Dei
1547 1168 1756 1237 Patris,
1790 1169 1850 1225 in
1881 1167 2059 1225 forma

317 1261 420 1318 Dei
448 1259 674 1341 aequalis
704 1257 887 1327 Patri,
912 1257 971 1314 in
991 1256 1169 1315 forma
1199 1257 1339 1316 servi
1370 1256 1641 1314 mediator
1668 1256 1768 1313 Dei
1799 1269 1852 1314 et
1878 1256 2058 1314 homi-

314 1370 452 1406 num
476 1348 645 1405 homo
675 1346 935 1403 Christus
977 1345 1164 1413 Jesus3
1213 1346 1336 1424 quis
1365 1366 1478 1402 non
1517 1344 1788 1426 intelligat
1823 1339 2016 1425 quod
2000 1366 2059 1402 ln

316 1435 496 1493 forma
529 1434 633 1493 Dei
657 1433 819 1492 etiam
843 1433 961 1514 ipse
987 1454 1040 1490 se
1065 1432 1186 1513 ipso
1215 1437 1392 1508 major
1426 1446 1539 1505 est,
1571 1433 1629 1491 in
1661 1432 1840 1491 forma
1878 1446 2060 1491 autem

320 1525 459 1584 servi
481 1525 643 1582 etiam
666 1545 719 1580 se
740 1522 859 1603 ipso
882 1523 1063 1579 minor
1083 1536 1162 1579 est
1179 1526 1202 1580 P
1220 1523 1344 1580 Non
1370 1523 1552 1602 itaque
1570 1522 1843 1581 immerito
1872 1521 2060 1602 Scrip-

319 1627 444 1671 tura
475 1625 773 1691 utrumque
803 1609 983 1682 dicit,·
1006 1622 1058 1667 et
1094 1609 1363 1690 aequalem
1394 1610 1546 1668 Patri
1578 1610 1776 1668 Filium
1799 1656 1815 1682 ,
1858 1623 1911 1668 et
1950 1614 2061 1667 Pa-

320 1716 459 1760 trem
481 1705 748 1777 majorem
762 1699 919 1759 Filio.
951 1697 1101 1757 Illud
1122 1699 1266 1757 enim
1287 1712 1517 1780 propter
1544 1698 1779 1757 formam
1805 1699 1930 1770 Dei,
1950 1698 2061 1756 hoe

321 1804 503 1850 autem
530 1802 764 1871 propter
791 1788 1028 1847 formam
1061 1788 1233 1860 servi,
1264 1788 1377 1845 sine
1405 1787 1516 1845 ulla
1545 1787 1870 1856 confusione*
1894 1785 2062 1844 intel—

317 1878 526 1955 ligitur.
568 1879 640 1935 Et
668 1877 793 1935 haec
822 1876 986 1933 nobis
1009 1875 1194 1951 regula
1222 1897 1528 1956 peromnes
1544 1897 1722 1934 sacras
1748 1874 2062 1955 Scripturas

318 1965 682 2026 dissolvendae
710 1964 883 2040 hujus
909 1963 1230 2044 quaestionis
1246 2010 1260 2036 ,
1295 1986 1355 2022 ex
1380 1985 1490 2022 uno
1519 1964 1764 2044 capitulo
1796 1962 2062 2044 Epistolae

319 2055 481 2114 Pauli
523 2053 757 2135 apostoli
792 2053 1070 2134 promitur
1084 2100 1109 2126 ,,
1147 2053 1248 2111 ubi
1291 2052 1632 2111 manifestius
1663 2049 1742 2111 ita
1779 2051 2060 2112 distinctio

321 2143 760 2204 commendatur.
798 2143 891 2201 Ait
913 2142 1058 2201 enim
1085 2164 1100 2201 ε
1133 2168 1160 2196 ε(
1180 2142 1293 2215 Qui
1317 2148 1446 2201 cum
1478 2143 1535 2201 in
1562 2141 1741 2200 forma
1762 2143 1863 2200 Dei
1893 2154 2057 2212 esset,

322 2262 351 2289 »
371 2255 486 2293 non
506 2232 758 2314 rapinam
789 2232 1085 2291 arbitratus
1106 2245 1184 2291 est
1201 2252 1311 2290 esse
1331 2231 1556 2312 aequalis
1586 2232 1701 2290 Deo
1718 2256 1732 2300 3
1758 2230 1852 2290 sed
1876 2244 2065 2289 semet-

321 2351 349 2378 »
381 2323 567 2403 ipsum
597 2321 894 2382 exinanivit
920 2320 1156 2379 formam
1183 2320 1322 2381 servi
1342 2319 1614 2401 accipiens
1631 2366 1646 2393 ‚
1666 2320 1724 2379 in
1752 2318 2065 2377 similitudi-

322 2440 351 2467 »
384 2434 512 2471 nem
539 2410 836 2469 hominum
863 2410 1041 2469 factus
1063 2457 1078 2483 ‚
1112 2423 1166 2468 et
1195 2409 1400 2468 habitu
1428 2411 1682 2469 inventu-s
1711 2422 1774 2467 ut
1793 2409 1964 2467 homo
1983 2406 2064 2467 ³.»

322 2503 423 2561 Est
444 2521 569 2577 ergo
593 2499 697 2558 Dei
717 2499 887 2558 Filius
912 2501 1027 2559 Deo
1058 2500 1212 2559 Patri
1237 2513 1434 2558 natura
1456 2498 1684 2580 aequalis
1697 2545 1713 2571 ‚
1741 2497 1942 2556 habitu
1962 2495 2065 2554 mi-

323 2612 445 2651 nor.
470 2590 540 2647 In
562 2588 740 2648 forma
759 2588 904 2647 enim
929 2588 1069 2649 servi
1089 2610 1258 2670 quam
1287 2588 1498 2669 accepit
1518 2633 1533 2659 ‚
1567 2587 1748 2644 minor
1775 2598 1853 2643 est
1868 2590 2060 2643 Patre:

324 2681 385 2739 in
413 2679 590 2738 forma
626 2691 806 2737 autem
834 2678 940 2737 Dei
978 2679 1035 2737 in
1061 2684 1181 2759 'qua
1225 2691 1340 2735 erat
1379 2676 1542 2734 etiam
1586 2688 1881 2756 antequam
1917 2674 2066 2732 hanc

329 2768 628 2849 accepisset
644 2814 658 2842 ,
691 2766 919 2848 aequalis
942 2780 1021 2825 est
1044 2766 1213 2826 Patri.
1249 2766 1315 2823 In
1339 2764 1517 2824 forma
1545 2764 1682 2836 Dei,
1707 2764 1950 2822 Verbum
1967 2784 2068 2844 per

330 2856 481 2936 quod
504 2856 651 2915 faeta
679 2869 806 2915 sunt
837 2855 1058 2914 omnial·
1088 2876 1102 2913 ε
1123 2854 1183 2914 in
1202 2853 1378 2913 forma
1403 2866 1586 2912 autem
1611 2852 1777 2924 servi,
1809 2851 1985 2910 factus
2005 2872 2066 2909 ex

326 2943 556 3002 muliere
574 2990 589 3015 ‚
621 2942 799 3002 factus
820 2944 924 3002 sub
951 2945 1120 3019 Lege,
1154 2955 1217 3000 ut
1241 2963 1331 3000 eos
1360 2942 1457 3023 qui
1483 2941 1587 2999 sub
1603 2943 1746 3017 Lege
1770 2952 1923 2998 erant
1939 2985 1953 3010 ,
1984 2959 2066 2996 re-

329 3031 614 3091 dimeret5.
657 3031 898 3091 Proinde
921 3032 980 3090 in
996 3031 1173 3091 form‘a
1195 3031 1298 3089 Dei
1316 3030 1446 3090 fecit
1461 3030 1742 3089 hominem
1761 3054 1777 3099 3
1810 3028 1868 3086 in
1889 3027 2067 3086 forma

327 3122 468 3183 servi
502 3119 681 3181 factus
712 3134 792 3180 est
829 3121 1018 3182 homo.
1080 3122 1222 3181 Nam
1253 3121 1298 3180 si
1326 3125 1491 3180 Pater
1529 3132 1743 3178 tantum
1780 3119 1894 3176 sine
1927 3116 2065 3177 Filio

382 3250 397 3279 ¹
417 3251 541 3292 Joan.
578 3261 667 3299 xtv,
703 3250 776 3293 28.
811 3270 864 3281 —
889 3245 910 3277 ²
932 3245 1085 3304 Philip.
1122 3260 1178 3307 11,
1218 3262 1261 3301 7.
1284 3243 1512 3308 —31bid.
1537 3245 1581 3291 6.
1609 3265 1668 3276 --
1688 3239 1708 3275 ⁴
1730 3245 1853 3288 Joau.
1878 3256 1910 3296 1,
1941 3244 1981 3286 3.
2006 3262 2062 3273 --

314 3314 333 3345 ⁵
362 3316 495 3360 Galat.
516 3328 575 3373 tv,
600 3322 642 3363 4.
